<?xml version="1.0" encoding="UTF-8"?>
<!DOCTYPE html PUBLIC "-//W3C//DTD XHTML 1.0 Transitional//EN"
    "http://www.w3.org/TR/xhtml1/DTD/xhtml1-transitional.dtd">
<html xmlns="http://www.w3.org/1999/xhtml" xml:lang="en" lang="en">
 <head>
  <title>
</title>
<meta http-equiv="Content-Type" content="text/html;charset=utf-8" />
  <meta name='ocr-system' content='tesseract 3.04.00' />
  <meta name='ocr-capabilities' content='ocr_page ocr_carea ocr_par ocr_line ocrx_word'/>
</head>
<body>
  <div class='ocr_page' id='page_1' title='image "./oeuvrescompltes00nisagoog/oeuvrescompltes00nisagoog_0160.png"; bbox 0 0 4734 6609; ppageno 0'>
   <div class='ocr_carea' id='block_1_1' title="bbox 458 660 2044 889">
    <p class='ocr_par' dir='ltr' id='par_1_1' title="bbox 458 660 2044 889">
     <span class='ocr_line' id='line_1_1' title="bbox 467 660 1329 730; baseline 0.02 -23"><span class='ocrx_word' id='word_1_1' title='bbox 467 674 522 730; x_wconf 56' lang='grc' dir='ltr'>μθ</span> <span class='ocrx_word' id='word_1_2' title='bbox 1177 660 1329 724; x_wconf 80' lang='lat' dir='ltr'>rxcrrc.</span> 
     </span>
     <span class='ocr_line' id='line_1_2' title="bbox 458 794 2044 889; baseline 0.009 -31"><span class='ocrx_word' id='word_1_3' title='bbox 458 799 649 861; x_wconf 70' lang='lat' dir='ltr'>annuerent</span> <span class='ocrx_word' id='word_1_4' title='bbox 663 815 697 859; x_wconf 78' lang='lat' dir='ltr'>sc</span> <span class='ocrx_word' id='word_1_5' title='bbox 711 798 880 858; x_wconf 82' lang='lat' dir='ltr'>dissolution</span> <span class='ocrx_word' id='word_1_6' title='bbox 896 802 925 855; x_wconf 90' lang='lat' dir='ltr'>et</span> <span class='ocrx_word' id='word_1_7' title='bbox 938 812 970 855; x_wconf 86' lang='lat' dir='ltr'>su</span> <span class='ocrx_word' id='word_1_8' title='bbox 986 794 1106 855; x_wconf 76' lang='lat' dir='ltr'>cruente</span> <span class='ocrx_word' id='word_1_9' title='bbox 1122 812 1175 872; x_wconf 82' lang='lat' dir='ltr'>pur</span> <span class='ocrx_word' id='word_1_10' title='bbox 1187 796 1230 855; x_wconf 87' lang='lat' dir='ltr'>les</span> <span class='ocrx_word' id='word_1_11' title='bbox 1273 813 1306 857; x_wconf 84' lang='lat' dir='ltr'>se</span> <span class='ocrx_word' id='word_1_12' title='bbox 1318 804 1433 874; x_wconf 84' lang='lat' dir='ltr'>trompr</span> <span class='ocrx_word' id='word_1_13' title='bbox 1445 814 1495 859; x_wconf 85' lang='lat' dir='ltr'>sur</span> <span class='ocrx_word' id='word_1_14' title='bbox 1510 808 1576 866; x_wconf 74' lang='grc' dir='ltr'>ιωι</span> <span class='ocrx_word' id='word_1_15' title='bbox 1592 800 1619 862; x_wconf 85' lang='lat' dir='ltr'>le</span> <span class='ocrx_word' id='word_1_16' title='bbox 1635 808 1726 883; x_wconf 86' lang='lat' dir='ltr'>reste,</span> <span class='ocrx_word' id='word_1_17' title='bbox 1745 804 1875 885; x_wconf 75' lang='lat' dir='ltr'>pubque</span> <span class='ocrx_word' id='word_1_18' title='bbox 1889 822 1926 869; x_wconf 81' lang='lat' dir='ltr'>ce</span> <span class='ocrx_word' id='word_1_19' title='bbox 1936 806 2044 889; x_wconf 84' lang='lat' dir='ltr'>prlncr,</span> 
     </span>
    </p>
   </div>
   <div class='ocr_carea' id='block_1_2' title="bbox 461 885 2053 3969">
    <p class='ocr_par' dir='ltr' id='par_1_2' title="bbox 461 885 2053 3969">
     <span class='ocr_line' id='line_1_3' title="bbox 462 885 2045 975; baseline -0.001 -26"><span class='ocrx_word' id='word_1_20' title='bbox 462 892 588 963; x_wconf 78' lang='lat' dir='ltr'>nouom,</span> <span class='ocrx_word' id='word_1_21' title='bbox 608 888 719 948; x_wconf 83' lang='lat' dir='ltr'>vonlxit</span> <span class='ocrx_word' id='word_1_22' title='bbox 734 888 764 946; x_wconf 86' lang='lat' dir='ltr'>lu</span> <span class='ocrx_word' id='word_1_23' title='bbox 782 886 886 946; x_wconf 85' lang='lat' dir='ltr'>cucbcr</span> <span class='ocrx_word' id='word_1_24' title='bbox 904 902 956 961; x_wconf 84' lang='lat' dir='ltr'>pur</span> <span class='ocrx_word' id='word_1_25' title='bbox 974 885 1016 945; x_wconf 87' lang='lat' dir='ltr'>les</span> <span class='ocrx_word' id='word_1_26' title='bbox 1033 885 1121 944; x_wconf 86' lang='lat' dir='ltr'>lieux.</span> <span class='ocrx_word' id='word_1_27' title='bbox 1140 886 1229 959; x_wconf 85' lang='lat' dir='ltr'>Quel·</span> <span class='ocrx_word' id='word_1_28' title='bbox 1274 888 1324 961; x_wconf 78' lang='lat' dir='ltr'>qui</span> <span class='ocrx_word' id='word_1_29' title='bbox 1337 889 1402 947; x_wconf 84' lang='lat' dir='ltr'>vlnt</span> <span class='ocrx_word' id='word_1_30' title='bbox 1415 888 1489 947; x_wconf 81' lang='lat' dir='ltr'>dens</span> <span class='ocrx_word' id='word_1_31' title='bbox 1501 890 1529 949; x_wconf 87' lang='lat' dir='ltr'>le</span> <span class='ocrx_word' id='word_1_32' title='bbox 1541 908 1718 969; x_wconf 74' lang='lat' dir='ltr'>compugnet,</span> <span class='ocrx_word' id='word_1_33' title='bbox 1731 910 1786 954; x_wconf 87' lang='lat' dir='ltr'>sur</span> <span class='ocrx_word' id='word_1_34' title='bbox 1797 894 1844 955; x_wconf 84' lang='lat' dir='ltr'>les</span> <span class='ocrx_word' id='word_1_35' title='bbox 1857 896 1976 975; x_wconf 69' lang='grc' dir='ltr'>τίνῳ</span> <span class='ocrx_word' id='word_1_36' title='bbox 1990 906 2045 961; x_wconf 68' lang='grc' dir='ltr'>ηρ.</span> 
     </span>
     <span class='ocr_line' id='line_1_4' title="bbox 461 973 2046 1067; baseline 0.006 -29"><span class='ocrx_word' id='word_1_37' title='bbox 461 994 605 1055; x_wconf 78' lang='lat' dir='ltr'>ques-uns</span> <span class='ocrx_word' id='word_1_38' title='bbox 617 982 669 1036; x_wconf 93' lang='lat' dir='ltr'>ont</span> <span class='ocrx_word' id='word_1_39' title='bbox 680 975 821 1053; x_wconf 75' lang='lat' dir='ltr'>pretendu</span> <span class='ocrx_word' id='word_1_40' title='bbox 837 978 912 1034; x_wconf 78' lang='lat' dir='ltr'>aussi</span> <span class='ocrx_word' id='word_1_41' title='bbox 927 990 984 1049; x_wconf 87' lang='lat' dir='ltr'>quc</span> <span class='ocrx_word' id='word_1_42' title='bbox 1003 976 1044 1033; x_wconf 81' lang='lat' dir='ltr'>les</span> <span class='ocrx_word' id='word_1_43' title='bbox 1055 973 1230 1033; x_wconf 78' lang='lat' dir='ltr'>dillormltes</span> <span class='ocrx_word' id='word_1_44' title='bbox 1273 978 1349 1051; x_wconf 82' lang='lat' dir='ltr'>sins,</span> <span class='ocrx_word' id='word_1_45' title='bbox 1365 982 1395 1035; x_wconf 91' lang='lat' dir='ltr'>et</span> <span class='ocrx_word' id='word_1_46' title='bbox 1407 986 1530 1038; x_wconf 87' lang='lat' dir='ltr'>souvent</span> <span class='ocrx_word' id='word_1_47' title='bbox 1543 980 1638 1041; x_wconf 72' lang='lat' dir='ltr'>meme</span> <span class='ocrx_word' id='word_1_48' title='bbox 1650 997 1719 1041; x_wconf 85' lang='lat' dir='ltr'>sous</span> <span class='ocrx_word' id='word_1_49' title='bbox 1730 983 1775 1043; x_wconf 85' lang='lat' dir='ltr'>les</span> <span class='ocrx_word' id='word_1_50' title='bbox 1785 1000 1874 1045; x_wconf 75' lang='lat' dir='ltr'>mure</span> <span class='ocrx_word' id='word_1_51' title='bbox 1889 983 1930 1045; x_wconf 84' lang='lat' dir='ltr'>de</span> <span class='ocrx_word' id='word_1_52' title='bbox 1944 984 2046 1067; x_wconf 64' lang='lat' dir='ltr'>hmo,</span> 
     </span>
     <span class='ocr_line' id='line_1_5' title="bbox 461 1061 1788 1143; baseline 0.002 -17"><span class='ocrx_word' id='word_1_53' title='bbox 461 1066 499 1126; x_wconf 90' lang='lat' dir='ltr'>de</span> <span class='ocrx_word' id='word_1_54' title='bbox 509 1083 541 1126; x_wconf 84' lang='lat' dir='ltr'>su</span> <span class='ocrx_word' id='word_1_55' title='bbox 552 1066 708 1143; x_wconf 83' lang='lat' dir='ltr'>vieillesse,</span> <span class='ocrx_word' id='word_1_56' title='bbox 721 1081 775 1124; x_wconf 85' lang='lat' dir='ltr'>ron</span> <span class='ocrx_word' id='word_1_57' title='bbox 789 1064 882 1140; x_wconf 82' lang='lat' dir='ltr'><strong>grand</strong></span> <span class='ocrx_word' id='word_1_58' title='bbox 896 1080 979 1139; x_wconf 82' lang='lat' dir='ltr'><strong>corps</strong></span> <span class='ocrx_word' id='word_1_59' title='bbox 992 1063 1071 1140; x_wconf 77' lang='lat' dir='ltr'>grele</span> <span class='ocrx_word' id='word_1_60' title='bbox 1085 1070 1114 1121; x_wconf 90' lang='lat' dir='ltr'>et</span> <span class='ocrx_word' id='word_1_61' title='bbox 1126 1061 1230 1137; x_wconf 80' lang='lat' dir='ltr'>rorlte&#39;,</span> <span class='ocrx_word' id='word_1_62' title='bbox 1275 1067 1409 1142; x_wconf 88' lang='lat' dir='ltr'>utteignlt</span> <span class='ocrx_word' id='word_1_63' title='bbox 1419 1082 1477 1124; x_wconf 89' lang='lat' dir='ltr'>une</span> <span class='ocrx_word' id='word_1_64' title='bbox 1492 1068 1622 1126; x_wconf 76' lang='lat' dir='ltr'>extreme</span> <span class='ocrx_word' id='word_1_65' title='bbox 1635 1068 1788 1130; x_wconf 84' lang='lat' dir='ltr'>vieillcsse.</span> 
     </span>
     <span class='ocr_line' id='line_1_6' title="bbox 461 1150 2049 1240; baseline 0.002 -26"><span class='ocrx_word' id='word_1_66' title='bbox 461 1171 495 1215; x_wconf 78' lang='lat' dir='ltr'>ss</span> <span class='ocrx_word' id='word_1_67' title='bbox 512 1156 572 1214; x_wconf 73' lang='lat' dir='ltr'>tete</span> <span class='ocrx_word' id='word_1_68' title='bbox 586 1155 712 1230; x_wconf 78' lang='lat' dir='ltr'>chauve,</span> <span class='ocrx_word' id='word_1_69' title='bbox 729 1171 780 1212; x_wconf 92' lang='lat' dir='ltr'>son</span> <span class='ocrx_word' id='word_1_70' title='bbox 796 1156 895 1228; x_wconf 82' lang='lat' dir='ltr'>riscge</span> <span class='ocrx_word' id='word_1_71' title='bbox 911 1158 1029 1210; x_wconf 80' lang='lat' dir='ltr'>convert</span> <span class='ocrx_word' id='word_1_72' title='bbox 1045 1150 1184 1209; x_wconf 77' lang='lat' dir='ltr'>d&#39;ulceres</span> <span class='ocrx_word' id='word_1_73' title='bbox 1202 1158 1232 1209; x_wconf 93' lang='lat' dir='ltr'>et</span> <span class='ocrx_word' id='word_1_74' title='bbox 1316 1153 1393 1212; x_wconf 81' lang='lat' dir='ltr'>LIX.</span> <span class='ocrx_word' id='word_1_75' title='bbox 1416 1154 1489 1213; x_wconf 81' lang='lat' dir='ltr'>Vers</span> <span class='ocrx_word' id='word_1_76' title='bbox 1506 1172 1540 1213; x_wconf 87' lang='lat' dir='ltr'>ce</span> <span class='ocrx_word' id='word_1_77' title='bbox 1557 1158 1709 1234; x_wconf 85' lang='lat' dir='ltr'>temps-ld,</span> <span class='ocrx_word' id='word_1_78' title='bbox 1728 1174 1770 1217; x_wconf 89' lang='lat' dir='ltr'>un</span> <span class='ocrx_word' id='word_1_79' title='bbox 1787 1158 1888 1235; x_wconf 79' lang='lat' dir='ltr'>grand</span> <span class='ocrx_word' id='word_1_80' title='bbox 1905 1160 1980 1237; x_wconf 75' lang='lat' dir='ltr'>peril</span> <span class='ocrx_word' id='word_1_81' title='bbox 1997 1180 2049 1240; x_wconf 79' lang='lat' dir='ltr'>qur</span> 
     </span>
     <span class='ocr_line' id='line_1_7' title="bbox 461 1239 2048 1329; baseline 0.006 -27"><span class='ocrx_word' id='word_1_82' title='bbox 461 1250 583 1302; x_wconf 76' lang='lat' dir='ltr'>movent</span> <span class='ocrx_word' id='word_1_83' title='bbox 601 1242 802 1318; x_wconf 79' lang='lat' dir='ltr'>d&#39;emplltres,</span> <span class='ocrx_word' id='word_1_84' title='bbox 821 1241 908 1300; x_wconf 85' lang='lat' dir='ltr'>lirent</span> <span class='ocrx_word' id='word_1_85' title='bbox 926 1239 1014 1299; x_wconf 91' lang='lat' dir='ltr'>bontc</span> <span class='ocrx_word' id='word_1_86' title='bbox 1030 1255 1068 1297; x_wconf 87' lang='lat' dir='ltr'>uu</span> <span class='ocrx_word' id='word_1_87' title='bbox 1082 1241 1196 1316; x_wconf 91' lang='lat' dir='ltr'>prince,</span> <span class='ocrx_word' id='word_1_88' title='bbox 1213 1242 1232 1297; x_wconf 79' lang='lat' dir='ltr'>d</span> <span class='ocrx_word' id='word_1_89' title='bbox 1275 1248 1379 1301; x_wconf 91' lang='lat' dir='ltr'>courut</span> <span class='ocrx_word' id='word_1_90' title='bbox 1391 1242 1496 1301; x_wconf 81' lang='lat' dir='ltr'>Tibere</span> <span class='ocrx_word' id='word_1_91' title='bbox 1507 1243 1654 1303; x_wconf 76' lang='lat' dir='ltr'>recredita</span> <span class='ocrx_word' id='word_1_92' title='bbox 1671 1262 1719 1304; x_wconf 85' lang='lat' dir='ltr'>ces</span> <span class='ocrx_word' id='word_1_93' title='bbox 1733 1248 1840 1307; x_wconf 81' lang='lat' dir='ltr'>vebxes</span> <span class='ocrx_word' id='word_1_94' title='bbox 1855 1248 2048 1329; x_wconf 69' lang='lat' dir='ltr'>prodierim,</span> 
     </span>
     <span class='ocr_line' id='line_1_8' title="bbox 462 1327 2049 1415; baseline 0.006 -24"><span class='ocrx_word' id='word_1_95' title='bbox 462 1334 512 1407; x_wconf 77' lang='lat' dir='ltr'>qul</span> <span class='ocrx_word' id='word_1_96' title='bbox 525 1332 552 1391; x_wconf 82' lang='lat' dir='ltr'>lu</span> <span class='ocrx_word' id='word_1_97' title='bbox 567 1331 690 1390; x_wconf 88' lang='lat' dir='ltr'>solitude</span> <span class='ocrx_word' id='word_1_98' title='bbox 700 1330 738 1390; x_wconf 89' lang='lat' dir='ltr'>dc</span> <span class='ocrx_word' id='word_1_99' title='bbox 749 1330 864 1389; x_wconf 76' lang='lat' dir='ltr'>ilbodus</span> <span class='ocrx_word' id='word_1_100' title='bbox 877 1332 956 1387; x_wconf 84' lang='lat' dir='ltr'>eruit</span> <span class='ocrx_word' id='word_1_101' title='bbox 970 1327 1078 1402; x_wconf 87' lang='lat' dir='ltr'>inspire&#39;</span> <span class='ocrx_word' id='word_1_102' title='bbox 1091 1327 1127 1385; x_wconf 89' lang='lat' dir='ltr'>de</span> <span class='ocrx_word' id='word_1_103' title='bbox 1141 1327 1230 1386; x_wconf 79' lang='lat' dir='ltr'>l&#39;eloi·</span> <span class='ocrx_word' id='word_1_104' title='bbox 1276 1335 1305 1388; x_wconf 90' lang='lat' dir='ltr'>ct</span> <span class='ocrx_word' id='word_1_105' title='bbox 1320 1330 1359 1388; x_wconf 91' lang='lat' dir='ltr'>lui</span> <span class='ocrx_word' id='word_1_106' title='bbox 1375 1330 1489 1407; x_wconf 84' lang='lat' dir='ltr'>donne,</span> <span class='ocrx_word' id='word_1_107' title='bbox 1506 1331 1543 1391; x_wconf 93' lang='lat' dir='ltr'>de</span> <span class='ocrx_word' id='word_1_108' title='bbox 1558 1332 1789 1412; x_wconf 80' lang='lat' dir='ltr'>l&#39;uttucbement,</span> <span class='ocrx_word' id='word_1_109' title='bbox 1805 1334 1849 1395; x_wconf 84' lang='lat' dir='ltr'>dc</span> <span class='ocrx_word' id='word_1_110' title='bbox 1865 1336 2049 1415; x_wconf 77' lang='lat' dir='ltr'>ttxueptuue‘</span> 
     </span>
     <span class='ocr_line' id='line_1_9' title="bbox 462 1414 2048 1497; baseline 0.008 -20"><span class='ocrx_word' id='word_1_111' title='bbox 462 1426 600 1493; x_wconf 83' lang='lat' dir='ltr'>gneruent</span> <span class='ocrx_word' id='word_1_112' title='bbox 613 1435 684 1494; x_wconf 92' lang='lat' dir='ltr'>pour</span> <span class='ocrx_word' id='word_1_113' title='bbox 695 1420 735 1477; x_wconf 78' lang='lat' dir='ltr'>les</span> <span class='ocrx_word' id='word_1_114' title='bbox 746 1417 892 1491; x_wconf 87' lang='lat' dir='ltr'>hommes,</span> <span class='ocrx_word' id='word_1_115' title='bbox 904 1423 933 1474; x_wconf 91' lang='lat' dir='ltr'>et</span> <span class='ocrx_word' id='word_1_116' title='bbox 945 1415 971 1473; x_wconf 92' lang='lat' dir='ltr'>le</span> <span class='ocrx_word' id='word_1_117' title='bbox 982 1415 1053 1491; x_wconf 80' lang='lat' dir='ltr'>gout</span> <span class='ocrx_word' id='word_1_118' title='bbox 1064 1414 1115 1473; x_wconf 79' lang='lat' dir='ltr'>des</span> <span class='ocrx_word' id='word_1_119' title='bbox 1125 1414 1232 1473; x_wconf 84' lang='lat' dir='ltr'>de&#39;bcu·</span> <span class='ocrx_word' id='word_1_120' title='bbox 1276 1418 1313 1476; x_wconf 88' lang='lat' dir='ltr'>dc</span> <span class='ocrx_word' id='word_1_121' title='bbox 1322 1418 1425 1495; x_wconf 83' lang='lat' dir='ltr'>Se&#39;jnn,</span> <span class='ocrx_word' id='word_1_122' title='bbox 1438 1435 1496 1479; x_wconf 90' lang='lat' dir='ltr'>une</span> <span class='ocrx_word' id='word_1_123' title='bbox 1504 1422 1622 1495; x_wconf 84' lang='lat' dir='ltr'>opinion</span> <span class='ocrx_word' id='word_1_124' title='bbox 1631 1423 1683 1497; x_wconf 82' lang='lat' dir='ltr'>qul</span> <span class='ocrx_word' id='word_1_125' title='bbox 1694 1422 1836 1485; x_wconf 78' lang='lat' dir='ltr'>redoublu</span> <span class='ocrx_word' id='word_1_126' title='bbox 1845 1426 2048 1490; x_wconf 69' lang='lat' dir='ltr'>nemnem.</span> 
     </span>
     <span class='ocr_line' id='line_1_10' title="bbox 462 1503 2050 1593; baseline 0.007 -28"><span class='ocrx_word' id='word_1_127' title='bbox 462 1505 531 1565; x_wconf 88' lang='lat' dir='ltr'>cbcs</span> <span class='ocrx_word' id='word_1_128' title='bbox 550 1506 684 1565; x_wconf 77' lang='lat' dir='ltr'>secretos.</span> <span class='ocrx_word' id='word_1_129' title='bbox 704 1506 750 1566; x_wconf 95' lang='lat' dir='ltr'>0n</span> <span class='ocrx_word' id='word_1_130' title='bbox 772 1506 817 1563; x_wconf 90' lang='lat' dir='ltr'>dit</span> <span class='ocrx_word' id='word_1_131' title='bbox 837 1521 941 1564; x_wconf 90' lang='lat' dir='ltr'>encore</span> <span class='ocrx_word' id='word_1_132' title='bbox 962 1520 1019 1579; x_wconf 88' lang='lat' dir='ltr'>que</span> <span class='ocrx_word' id='word_1_133' title='bbox 1042 1503 1069 1561; x_wconf 90' lang='lat' dir='ltr'>le</span> <span class='ocrx_word' id='word_1_134' title='bbox 1086 1503 1232 1561; x_wconf 79' lang='lat' dir='ltr'>caractere</span> <span class='ocrx_word' id='word_1_135' title='bbox 1276 1506 1315 1565; x_wconf 87' lang='lat' dir='ltr'>lis</span> <span class='ocrx_word' id='word_1_136' title='bbox 1332 1506 1476 1582; x_wconf 79' lang='lat' dir='ltr'>dlnrient,</span> <span class='ocrx_word' id='word_1_137' title='bbox 1495 1506 1570 1567; x_wconf 81' lang='lat' dir='ltr'>dune</span> <span class='ocrx_word' id='word_1_138' title='bbox 1586 1525 1644 1569; x_wconf 91' lang='lat' dir='ltr'>une</span> <span class='ocrx_word' id='word_1_139' title='bbox 1663 1516 1761 1585; x_wconf 80' lang='lat' dir='ltr'>grottc</span> <span class='ocrx_word' id='word_1_140' title='bbox 1776 1528 1929 1591; x_wconf 75' lang='lat' dir='ltr'>nunge,</span> <span class='ocrx_word' id='word_1_141' title='bbox 1948 1516 1970 1575; x_wconf 76' lang='lat' dir='ltr'>d</span> <span class='ocrx_word' id='word_1_142' title='bbox 1987 1514 2050 1593; x_wconf 72' lang='lat' dir='ltr'>Spi-</span> 
     </span>
     <span class='ocr_line' id='line_1_11' title="bbox 462 1591 2050 1679; baseline 0.008 -27"><span class='ocrx_word' id='word_1_143' title='bbox 462 1594 623 1670; x_wconf 77' lang='lat' dir='ltr'>imperieux</span> <span class='ocrx_word' id='word_1_144' title='bbox 637 1594 675 1654; x_wconf 89' lang='lat' dir='ltr'>de</span> <span class='ocrx_word' id='word_1_145' title='bbox 688 1612 720 1654; x_wconf 85' lang='lat' dir='ltr'>su</span> <span class='ocrx_word' id='word_1_146' title='bbox 734 1598 812 1653; x_wconf 77' lang='lat' dir='ltr'>mere</span> <span class='ocrx_word' id='word_1_147' title='bbox 825 1609 913 1653; x_wconf 79' lang='lat' dir='ltr'>ceusu</span> <span class='ocrx_word' id='word_1_148' title='bbox 924 1610 975 1652; x_wconf 92' lang='lat' dir='ltr'>son</span> <span class='ocrx_word' id='word_1_149' title='bbox 992 1592 1103 1668; x_wconf 79' lang='lat' dir='ltr'>depert.</span> <span class='ocrx_word' id='word_1_150' title='bbox 1119 1591 1142 1649; x_wconf 90' lang='lat' dir='ltr'>ll</span> <span class='ocrx_word' id='word_1_151' title='bbox 1153 1591 1232 1649; x_wconf 80' lang='lat' dir='ltr'>soui-</span> <span class='ocrx_word' id='word_1_152' title='bbox 1277 1594 1376 1670; x_wconf 86' lang='lat' dir='ltr'>luncu,</span> <span class='ocrx_word' id='word_1_153' title='bbox 1395 1594 1452 1654; x_wconf 92' lang='lat' dir='ltr'>lien</span> <span class='ocrx_word' id='word_1_154' title='bbox 1470 1595 1545 1655; x_wconf 78' lang='lat' dir='ltr'>sitne</span> <span class='ocrx_word' id='word_1_155' title='bbox 1561 1604 1644 1657; x_wconf 88' lang='lat' dir='ltr'>entre</span> <span class='ocrx_word' id='word_1_156' title='bbox 1663 1599 1691 1658; x_wconf 86' lang='lat' dir='ltr'>le</span> <span class='ocrx_word' id='word_1_157' title='bbox 1708 1616 1772 1659; x_wconf 85' lang='lat' dir='ltr'>mer</span> <span class='ocrx_word' id='word_1_158' title='bbox 1788 1600 1954 1679; x_wconf 78' lang='lat' dir='ltr'>d&#39;Amyele</span> <span class='ocrx_word' id='word_1_159' title='bbox 1967 1610 1999 1663; x_wconf 87' lang='lat' dir='ltr'>ct</span> <span class='ocrx_word' id='word_1_160' title='bbox 2013 1605 2050 1665; x_wconf 82' lang='lat' dir='ltr'>les</span> 
     </span>
     <span class='ocr_line' id='line_1_12' title="bbox 463 1681 2049 1771; baseline 0.005 -30"><span class='ocrx_word' id='word_1_161' title='bbox 463 1682 531 1743; x_wconf 82' lang='lat' dir='ltr'>nur</span> <span class='ocrx_word' id='word_1_162' title='bbox 544 1682 581 1742; x_wconf 92' lang='lat' dir='ltr'>de</span> <span class='ocrx_word' id='word_1_163' title='bbox 600 1691 735 1761; x_wconf 83' lang='lat' dir='ltr'>purtugcr</span> <span class='ocrx_word' id='word_1_164' title='bbox 755 1682 899 1742; x_wconf 78' lang='lat' dir='ltr'>l&#39;cutoritd</span> <span class='ocrx_word' id='word_1_165' title='bbox 915 1698 986 1741; x_wconf 85' lang='lat' dir='ltr'>erec</span> <span class='ocrx_word' id='word_1_166' title='bbox 1007 1698 1063 1740; x_wconf 90' lang='lat' dir='ltr'>une</span> <span class='ocrx_word' id='word_1_167' title='bbox 1077 1681 1234 1755; x_wconf 80' lang='lat' dir='ltr'>femme,b</span> <span class='ocrx_word' id='word_1_168' title='bbox 1277 1690 1449 1760; x_wconf 82' lang='lat' dir='ltr'>montegncs</span> <span class='ocrx_word' id='word_1_169' title='bbox 1457 1684 1494 1744; x_wconf 92' lang='lat' dir='ltr'>de</span> <span class='ocrx_word' id='word_1_170' title='bbox 1502 1685 1605 1745; x_wconf 83' lang='lat' dir='ltr'>Fondl.</span> <span class='ocrx_word' id='word_1_171' title='bbox 1616 1685 1873 1764; x_wconf 78' lang='lat' dir='ltr'>Tootscoopdes</span> <span class='ocrx_word' id='word_1_172' title='bbox 1884 1692 2049 1771; x_wconf 76' lang='lat' dir='ltr'>pierres,sr</span> 
     </span>
     <span class='ocr_line' id='line_1_13' title="bbox 462 1770 2050 1853; baseline 0.003 -24"><span class='ocrx_word' id='word_1_173' title='bbox 462 1774 514 1846; x_wconf 83' lang='lat' dir='ltr'>qui</span> <span class='ocrx_word' id='word_1_174' title='bbox 524 1772 660 1831; x_wconf 76' lang='lat' dir='ltr'><strong>toutefois</strong></span> <span class='ocrx_word' id='word_1_175' title='bbox 671 1771 691 1830; x_wconf 91' lang='lat' dir='ltr'>il</span> <span class='ocrx_word' id='word_1_176' title='bbox 705 1788 743 1831; x_wconf 87' lang='lat' dir='ltr'>ne</span> <span class='ocrx_word' id='word_1_177' title='bbox 756 1774 876 1846; x_wconf 81' lang='lat' dir='ltr'>pournit</span> <span class='ocrx_word' id='word_1_178' title='bbox 890 1770 1001 1829; x_wconf 84' lang='lat' dir='ltr'>reiuser</span> <span class='ocrx_word' id='word_1_179' title='bbox 1014 1776 1089 1827; x_wconf 86' lang='lat' dir='ltr'>cetto</span> <span class='ocrx_word' id='word_1_180' title='bbox 1103 1784 1233 1827; x_wconf 91' lang='lat' dir='ltr'>commu·</span> <span class='ocrx_word' id='word_1_181' title='bbox 1276 1770 1478 1832; x_wconf 78' lang='lat' dir='ltr'>detuobuntde</span> <span class='ocrx_word' id='word_1_182' title='bbox 1488 1773 1516 1831; x_wconf 82' lang='lat' dir='ltr'>lo</span> <span class='ocrx_word' id='word_1_183' title='bbox 1525 1772 1628 1849; x_wconf 79' lang='lat' dir='ltr'>voute,</span> <span class='ocrx_word' id='word_1_184' title='bbox 1638 1774 1801 1834; x_wconf 75' lang='lat' dir='ltr'>temserunt</span> <span class='ocrx_word' id='word_1_185' title='bbox 1810 1776 2050 1853; x_wconf 56' lang='lat' dir='ltr'>minuam</span> 
     </span>
     <span class='ocr_line' id='line_1_14' title="bbox 463 1857 2049 1939; baseline 0.004 -19"><span class='ocrx_word' id='word_1_186' title='bbox 463 1864 550 1922; x_wconf 71' lang='lat' dir='ltr'>nunti</span> <span class='ocrx_word' id='word_1_187' title='bbox 562 1862 632 1923; x_wconf 91' lang='lat' dir='ltr'>d&#39;un</span> <span class='ocrx_word' id='word_1_188' title='bbox 647 1862 716 1922; x_wconf 83' lang='lat' dir='ltr'>bien</span> <span class='ocrx_word' id='word_1_189' title='bbox 729 1863 798 1938; x_wconf 88' lang='lat' dir='ltr'>qn’il</span> <span class='ocrx_word' id='word_1_190' title='bbox 815 1864 906 1920; x_wconf 83' lang='lat' dir='ltr'>tenuit</span> <span class='ocrx_word' id='word_1_191' title='bbox 923 1860 1022 1936; x_wconf 88' lang='lat' dir='ltr'>d&#39;ellc,</span> <span class='ocrx_word' id='word_1_192' title='bbox 1039 1877 1089 1919; x_wconf 83' lang='lat' dir='ltr'>cur</span> <span class='ocrx_word' id='word_1_193' title='bbox 1101 1860 1233 1935; x_wconf 76' lang='lat' dir='ltr'>Auguste</span> <span class='ocrx_word' id='word_1_194' title='bbox 1277 1874 1337 1917; x_wconf 81' lang='lat' dir='ltr'>ves.</span> <span class='ocrx_word' id='word_1_195' title='bbox 1349 1857 1391 1917; x_wconf 87' lang='lat' dir='ltr'>Lu</span> <span class='ocrx_word' id='word_1_196' title='bbox 1405 1876 1475 1935; x_wconf 88' lang='lat' dir='ltr'>peur</span> <span class='ocrx_word' id='word_1_197' title='bbox 1486 1876 1583 1938; x_wconf 79' lang='lat' dir='ltr'>gognu</span> <span class='ocrx_word' id='word_1_198' title='bbox 1595 1867 1660 1920; x_wconf 92' lang='lat' dir='ltr'>tout</span> <span class='ocrx_word' id='word_1_199' title='bbox 1673 1862 1700 1921; x_wconf 94' lang='lat' dir='ltr'>le</span> <span class='ocrx_word' id='word_1_200' title='bbox 1712 1860 1837 1939; x_wconf 87' lang='lat' dir='ltr'>monde,</span> <span class='ocrx_word' id='word_1_201' title='bbox 1851 1868 1884 1923; x_wconf 86' lang='lat' dir='ltr'>et</span> <span class='ocrx_word' id='word_1_202' title='bbox 1897 1862 1944 1925; x_wconf 82' lang='lat' dir='ltr'>les</span> <span class='ocrx_word' id='word_1_203' title='bbox 1956 1870 2049 1927; x_wconf 85' lang='lat' dir='ltr'>couri·</span> 
     </span>
     <span class='ocr_line' id='line_1_15' title="bbox 463 1947 2050 2028; baseline 0.005 -20"><span class='ocrx_word' id='word_1_204' title='bbox 463 1953 574 2011; x_wconf 85' lang='lat' dir='ltr'>vouluit</span> <span class='ocrx_word' id='word_1_205' title='bbox 584 1952 702 2028; x_wconf 88' lang='lat' dir='ltr'>choisir,</span> <span class='ocrx_word' id='word_1_206' title='bbox 715 1969 789 2028; x_wconf 93' lang='lat' dir='ltr'>pour</span> <span class='ocrx_word' id='word_1_207' title='bbox 807 1968 858 2010; x_wconf 92' lang='lat' dir='ltr'>son</span> <span class='ocrx_word' id='word_1_208' title='bbox 875 1966 1039 2009; x_wconf 76' lang='lat' dir='ltr'>successeur</span> <span class='ocrx_word' id='word_1_209' title='bbox 1055 1950 1074 2008; x_wconf 80' lang='lat' dir='ltr'>i</span> <span class='ocrx_word' id='word_1_210' title='bbox 1088 1948 1233 2023; x_wconf 87' lang='lat' dir='ltr'>l&#39;empire,</span> <span class='ocrx_word' id='word_1_211' title='bbox 1278 1962 1328 2005; x_wconf 84' lang='lat' dir='ltr'>ves</span> <span class='ocrx_word' id='word_1_212' title='bbox 1345 1950 1455 2023; x_wconf 87' lang='lat' dir='ltr'>prirent</span> <span class='ocrx_word' id='word_1_213' title='bbox 1473 1948 1500 2007; x_wconf 82' lang='lat' dir='ltr'>lu</span> <span class='ocrx_word' id='word_1_214' title='bbox 1513 1948 1596 2007; x_wconf 79' lang='lat' dir='ltr'>fuite</span> <span class='ocrx_word' id='word_1_215' title='bbox 1614 1947 1719 2025; x_wconf 74' lang='lat' dir='ltr'>sejun,</span> <span class='ocrx_word' id='word_1_216' title='bbox 1732 1957 1882 2009; x_wconf 76' lang='lat' dir='ltr'>contrunt</span> <span class='ocrx_word' id='word_1_217' title='bbox 1895 1950 2008 2015; x_wconf 58' lang='lat' dir='ltr'>lehe</span> <span class='ocrx_word' id='word_1_218' title='bbox 2018 1955 2050 2015; x_wconf 84' lang='lat' dir='ltr'>dr</span> 
     </span>
     <span class='ocr_line' id='line_1_16' title="bbox 464 2035 2051 2118; baseline 0.001 -19"><span class='ocrx_word' id='word_1_219' title='bbox 464 2039 669 2115; x_wconf 75' lang='lat' dir='ltr'>Germanicus,</span> <span class='ocrx_word' id='word_1_220' title='bbox 685 2040 821 2118; x_wconf 86' lang='lat' dir='ltr'>petit-lits</span> <span class='ocrx_word' id='word_1_221' title='bbox 835 2040 873 2098; x_wconf 91' lang='lat' dir='ltr'>de</span> <span class='ocrx_word' id='word_1_222' title='bbox 887 2056 918 2097; x_wconf 86' lang='lat' dir='ltr'>su</span> <span class='ocrx_word' id='word_1_223' title='bbox 930 2055 1018 2113; x_wconf 78' lang='lat' dir='ltr'>scor,</span> <span class='ocrx_word' id='word_1_224' title='bbox 1032 2044 1062 2097; x_wconf 91' lang='lat' dir='ltr'>et</span> <span class='ocrx_word' id='word_1_225' title='bbox 1074 2036 1234 2096; x_wconf 76' lang='lat' dir='ltr'>environnc</span> <span class='ocrx_word' id='word_1_226' title='bbox 1276 2050 1322 2093; x_wconf 76' lang='lat' dir='ltr'>scs</span> <span class='ocrx_word' id='word_1_227' title='bbox 1337 2051 1470 2111; x_wconf 85' lang='lat' dir='ltr'>genoux,</span> <span class='ocrx_word' id='word_1_228' title='bbox 1483 2036 1521 2094; x_wconf 86' lang='lat' dir='ltr'>de</span> <span class='ocrx_word' id='word_1_229' title='bbox 1540 2051 1575 2094; x_wconf 82' lang='lat' dir='ltr'>sc</span> <span class='ocrx_word' id='word_1_230' title='bbox 1591 2036 1669 2112; x_wconf 73' lang='lat' dir='ltr'>tete,</span> <span class='ocrx_word' id='word_1_231' title='bbox 1688 2035 1726 2095; x_wconf 88' lang='lat' dir='ltr'>dc</span> <span class='ocrx_word' id='word_1_232' title='bbox 1744 2054 1792 2097; x_wconf 86' lang='lat' dir='ltr'>scs</span> <span class='ocrx_word' id='word_1_233' title='bbox 1809 2040 1931 2117; x_wconf 75' lang='lat' dir='ltr'>meins,</span> <span class='ocrx_word' id='word_1_234' title='bbox 1947 2044 2051 2102; x_wconf 73' lang='lat' dir='ltr'>nudet</span> 
     </span>
     <span class='ocr_line' id='line_1_17' title="bbox 463 2124 2051 2206; baseline 0.003 -20"><span class='ocrx_word' id='word_1_235' title='bbox 463 2128 501 2188; x_wconf 92' lang='lat' dir='ltr'>de</span> <span class='ocrx_word' id='word_1_236' title='bbox 522 2129 642 2188; x_wconf 81' lang='lat' dir='ltr'>l&#39;estime</span> <span class='ocrx_word' id='word_1_237' title='bbox 657 2130 804 2206; x_wconf 90' lang='lat' dir='ltr'>publique.</span> <span class='ocrx_word' id='word_1_238' title='bbox 823 2126 937 2187; x_wconf 79' lang='lat' dir='ltr'>Obsede</span> <span class='ocrx_word' id='word_1_239' title='bbox 952 2143 1004 2203; x_wconf 85' lang='lat' dir='ltr'>per</span> <span class='ocrx_word' id='word_1_240' title='bbox 1021 2126 1062 2184; x_wconf 89' lang='lat' dir='ltr'>les</span> <span class='ocrx_word' id='word_1_241' title='bbox 1075 2125 1183 2201; x_wconf 79' lang='lat' dir='ltr'>pricrcs</span> <span class='ocrx_word' id='word_1_242' title='bbox 1197 2124 1234 2182; x_wconf 86' lang='lat' dir='ltr'>de</span> <span class='ocrx_word' id='word_1_243' title='bbox 1278 2124 1382 2183; x_wconf 86' lang='lat' dir='ltr'>l&#39;cllort</span> <span class='ocrx_word' id='word_1_244' title='bbox 1395 2125 1432 2183; x_wconf 91' lang='lat' dir='ltr'>dc</span> <span class='ocrx_word' id='word_1_245' title='bbox 1442 2126 1470 2185; x_wconf 86' lang='lat' dir='ltr'>ie</span> <span class='ocrx_word' id='word_1_246' title='bbox 1482 2124 1584 2200; x_wconf 81' lang='lat' dir='ltr'>ebutc,</span> <span class='ocrx_word' id='word_1_247' title='bbox 1595 2131 1625 2184; x_wconf 91' lang='lat' dir='ltr'>et</span> <span class='ocrx_word' id='word_1_248' title='bbox 1636 2124 1683 2183; x_wconf 85' lang='lat' dir='ltr'>tut</span> <span class='ocrx_word' id='word_1_249' title='bbox 1692 2126 1797 2185; x_wconf 75' lang='grc' dir='ltr'><strong>ιιοιιιὸ</strong></span> <span class='ocrx_word' id='word_1_250' title='bbox 1806 2124 1888 2187; x_wconf 77' lang='lat' dir='ltr'>dens</span> <span class='ocrx_word' id='word_1_251' title='bbox 1898 2134 1981 2189; x_wconf 82' lang='lat' dir='ltr'>cette</span> <span class='ocrx_word' id='word_1_252' title='bbox 1989 2133 2051 2191; x_wconf 77' lang='lat' dir='ltr'>utti-</span> 
     </span>
     <span class='ocr_line' id='line_1_18' title="bbox 464 2212 2052 2293; baseline 0.003 -17"><span class='ocrx_word' id='word_1_253' title='bbox 464 2232 496 2276; x_wconf 80' lang='lat' dir='ltr'>sc</span> <span class='ocrx_word' id='word_1_254' title='bbox 510 2216 633 2293; x_wconf 87' lang='lat' dir='ltr'>lemme,</span> <span class='ocrx_word' id='word_1_255' title='bbox 646 2218 666 2275; x_wconf 91' lang='lat' dir='ltr'>ll</span> <span class='ocrx_word' id='word_1_256' title='bbox 680 2217 786 2291; x_wconf 78' lang='lat' dir='ltr'>adopto</span> <span class='ocrx_word' id='word_1_257' title='bbox 797 2216 963 2289; x_wconf 77' lang='lat' dir='ltr'>Tibere,en</span> <span class='ocrx_word' id='word_1_258' title='bbox 976 2216 1015 2273; x_wconf 92' lang='lat' dir='ltr'>lui</span> <span class='ocrx_word' id='word_1_259' title='bbox 1027 2214 1134 2271; x_wconf 78' lang='lat' dir='ltr'>faisant</span> <span class='ocrx_word' id='word_1_260' title='bbox 1145 2212 1233 2287; x_wconf 83' lang='lat' dir='ltr'>edop·</span> <span class='ocrx_word' id='word_1_261' title='bbox 1278 2213 1347 2271; x_wconf 91' lang='lat' dir='ltr'>tude</span> <span class='ocrx_word' id='word_1_262' title='bbox 1360 2230 1412 2290; x_wconf 83' lang='lat' dir='ltr'>pur</span> <span class='ocrx_word' id='word_1_263' title='bbox 1426 2215 1467 2272; x_wconf 90' lang='lat' dir='ltr'>les</span> <span class='ocrx_word' id='word_1_264' title='bbox 1480 2214 1589 2273; x_wconf 89' lang='lat' dir='ltr'>solduts</span> <span class='ocrx_word' id='word_1_265' title='bbox 1600 2216 1651 2289; x_wconf 79' lang='lat' dir='ltr'>qul</span> <span class='ocrx_word' id='word_1_266' title='bbox 1663 2216 1779 2274; x_wconf 82' lang='lat' dir='ltr'>rinrent</span> <span class='ocrx_word' id='word_1_267' title='bbox 1791 2231 1832 2275; x_wconf 84' lang='lat' dir='ltr'>uu</span> <span class='ocrx_word' id='word_1_268' title='bbox 1848 2230 1984 2279; x_wconf 80' lang='lat' dir='ltr'>sccours.</span> <span class='ocrx_word' id='word_1_269' title='bbox 1998 2222 2052 2279; x_wconf 73' lang='lat' dir='ltr'>iim</span> 
     </span>
     <span class='ocr_line' id='line_1_19' title="bbox 465 2301 2053 2379; baseline 0.003 -17"><span class='ocrx_word' id='word_1_270' title='bbox 465 2311 509 2362; x_wconf 92' lang='lat' dir='ltr'>ter</span> <span class='ocrx_word' id='word_1_271' title='bbox 522 2302 727 2378; x_wconf 73' lang='lat' dir='ltr'>Germanicus,</span> <span class='ocrx_word' id='word_1_272' title='bbox 740 2310 769 2363; x_wconf 92' lang='lat' dir='ltr'>et</span> <span class='ocrx_word' id='word_1_273' title='bbox 784 2320 818 2362; x_wconf 94' lang='lat' dir='ltr'>ce</span> <span class='ocrx_word' id='word_1_274' title='bbox 831 2303 968 2379; x_wconf 84' lang='lat' dir='ltr'>bienieit,</span> <span class='ocrx_word' id='word_1_275' title='bbox 981 2304 1112 2378; x_wconf 76' lang='lat' dir='ltr'>Augusto</span> <span class='ocrx_word' id='word_1_276' title='bbox 1126 2301 1153 2360; x_wconf 90' lang='lat' dir='ltr'>le</span> <span class='ocrx_word' id='word_1_277' title='bbox 1167 2317 1233 2378; x_wconf 86' lang='lat' dir='ltr'>rep·</span> <span class='ocrx_word' id='word_1_278' title='bbox 1277 2303 1590 2377; x_wconf 79' lang='lat' dir='ltr'>pouvoirs’enuccrut3</span> <span class='ocrx_word' id='word_1_279' title='bbox 1602 2309 1648 2377; x_wconf 89' lang='lat' dir='ltr'>et,</span> <span class='ocrx_word' id='word_1_280' title='bbox 1659 2303 1800 2378; x_wconf 87' lang='lat' dir='ltr'>quoiqn’il</span> <span class='ocrx_word' id='word_1_281' title='bbox 1810 2302 1931 2365; x_wconf 84' lang='lat' dir='ltr'>doth</span> <span class='ocrx_word' id='word_1_282' title='bbox 1940 2306 2053 2367; x_wconf 71' lang='lat' dir='ltr'>lucon-</span> 
     </span>
     <span class='ocr_line' id='line_1_20' title="bbox 465 2389 2052 2471; baseline 0 -20"><span class='ocrx_word' id='word_1_283' title='bbox 465 2393 569 2469; x_wconf 82' lang='lat' dir='ltr'>peluit,</span> <span class='ocrx_word' id='word_1_284' title='bbox 584 2392 867 2469; x_wconf 81' lang='lat' dir='ltr'>iereproenutsnns</span> <span class='ocrx_word' id='word_1_285' title='bbox 878 2408 966 2451; x_wconf 86' lang='lat' dir='ltr'>cesse.</span> <span class='ocrx_word' id='word_1_286' title='bbox 1278 2389 1345 2447; x_wconf 86' lang='lat' dir='ltr'>seils</span> <span class='ocrx_word' id='word_1_287' title='bbox 1361 2389 1402 2447; x_wconf 88' lang='lat' dir='ltr'>les</span> <span class='ocrx_word' id='word_1_288' title='bbox 1419 2389 1808 2466; x_wconf 80' lang='lat' dir='ltr'>plnsdnngereux,comme</span> <span class='ocrx_word' id='word_1_289' title='bbox 1820 2406 1864 2449; x_wconf 94' lang='lat' dir='ltr'>on</span> <span class='ocrx_word' id='word_1_290' title='bbox 1881 2391 1927 2452; x_wconf 78' lang='lat' dir='ltr'>les</span> <span class='ocrx_word' id='word_1_291' title='bbox 1943 2398 2052 2471; x_wconf 71' lang='lat' dir='ltr'>moyen</span> 
     </span>
     <span class='ocr_line' id='line_1_21' title="bbox 506 2476 2050 2557; baseline 0.002 -18"><span class='ocrx_word' id='word_1_292' title='bbox 506 2479 606 2540; x_wconf 86' lang='lat' dir='ltr'>LVlll.</span> <span class='ocrx_word' id='word_1_293' title='bbox 629 2480 670 2539; x_wconf 91' lang='lat' dir='ltr'>Le</span> <span class='ocrx_word' id='word_1_294' title='bbox 684 2481 799 2557; x_wconf 79' lang='lat' dir='ltr'>cortege</span> <span class='ocrx_word' id='word_1_295' title='bbox 813 2480 849 2538; x_wconf 91' lang='lat' dir='ltr'>dc</span> <span class='ocrx_word' id='word_1_296' title='bbox 862 2480 965 2539; x_wconf 78' lang='lat' dir='ltr'>Tibere</span> <span class='ocrx_word' id='word_1_297' title='bbox 979 2496 1016 2538; x_wconf 90' lang='lat' dir='ltr'>ne</span> <span class='ocrx_word' id='word_1_298' title='bbox 1031 2479 1075 2538; x_wconf 84' lang='lat' dir='ltr'>lut</span> <span class='ocrx_word' id='word_1_299' title='bbox 1088 2494 1139 2554; x_wconf 86' lang='lat' dir='ltr'>pus</span> <span class='ocrx_word' id='word_1_300' title='bbox 1153 2494 1235 2537; x_wconf 92' lang='lat' dir='ltr'>nom·</span> <span class='ocrx_word' id='word_1_301' title='bbox 1278 2476 1497 2553; x_wconf 68' lang='lat' dir='ltr'>disinteressds,</span> <span class='ocrx_word' id='word_1_302' title='bbox 1510 2495 1549 2537; x_wconf 95' lang='lat' dir='ltr'>on</span> <span class='ocrx_word' id='word_1_303' title='bbox 1558 2477 1603 2554; x_wconf 80' lang='lat' dir='ltr'>s&#39;y</span> <span class='ocrx_word' id='word_1_304' title='bbox 1615 2479 1713 2537; x_wconf 80' lang='lat' dir='ltr'>livruit</span> <span class='ocrx_word' id='word_1_305' title='bbox 1723 2494 1792 2537; x_wconf 82' lang='lat' dir='ltr'>suns</span> <span class='ocrx_word' id='word_1_306' title='bbox 1804 2476 1957 2539; x_wconf 75' lang='lat' dir='ltr'>deuoxce</span> <span class='ocrx_word' id='word_1_307' title='bbox 1968 2480 2050 2541; x_wconf 79' lang='lat' dir='ltr'>ll’uli·</span> 
     </span>
     <span class='ocr_line' id='line_1_22' title="bbox 465 2565 2051 2643; baseline 0.001 -16"><span class='ocrx_word' id='word_1_308' title='bbox 465 2568 567 2629; x_wconf 89' lang='lat' dir='ltr'>breux.</span> <span class='ocrx_word' id='word_1_309' title='bbox 582 2568 695 2643; x_wconf 78' lang='lat' dir='ltr'>Neruo,</span> <span class='ocrx_word' id='word_1_310' title='bbox 708 2568 842 2628; x_wconf 74' lang='lat' dir='ltr'>senateur</span> <span class='ocrx_word' id='word_1_311' title='bbox 859 2569 1019 2627; x_wconf 85' lang='lat' dir='ltr'>consulnire</span> <span class='ocrx_word' id='word_1_312' title='bbox 1037 2574 1067 2626; x_wconf 90' lang='lat' dir='ltr'>et</span> <span class='ocrx_word' id='word_1_313' title='bbox 1078 2566 1175 2625; x_wconf 88' lang='lat' dir='ltr'>bubile</span> <span class='ocrx_word' id='word_1_314' title='bbox 1186 2569 1235 2641; x_wconf 86' lang='lat' dir='ltr'>ju·</span> <span class='ocrx_word' id='word_1_315' title='bbox 1280 2565 1357 2624; x_wconf 88' lang='lat' dir='ltr'>leurs</span> <span class='ocrx_word' id='word_1_316' title='bbox 1374 2566 1395 2623; x_wconf 88' lang='lat' dir='ltr'>ll</span> <span class='ocrx_word' id='word_1_317' title='bbox 1413 2582 1450 2624; x_wconf 88' lang='lat' dir='ltr'>ne</span> <span class='ocrx_word' id='word_1_318' title='bbox 1462 2568 1557 2642; x_wconf 86' lang='lat' dir='ltr'>jouuit</span> <span class='ocrx_word' id='word_1_319' title='bbox 1570 2566 1636 2642; x_wconf 90' lang='lat' dir='ltr'>plus</span> <span class='ocrx_word' id='word_1_320' title='bbox 1648 2583 1706 2641; x_wconf 84' lang='lat' dir='ltr'>quc</span> <span class='ocrx_word' id='word_1_321' title='bbox 1718 2567 1746 2625; x_wconf 92' lang='lat' dir='ltr'>le</span> <span class='ocrx_word' id='word_1_322' title='bbox 1762 2565 1825 2625; x_wconf 83' lang='lat' dir='ltr'>rble</span> <span class='ocrx_word' id='word_1_323' title='bbox 1839 2566 1882 2626; x_wconf 86' lang='lat' dir='ltr'>de</span> <span class='ocrx_word' id='word_1_324' title='bbox 1889 2569 1968 2643; x_wconf 71' lang='lat' dir='ltr'>luge</span> <span class='ocrx_word' id='word_1_325' title='bbox 1977 2576 2051 2629; x_wconf 79' lang='lat' dir='ltr'>erube</span> 
     </span>
     <span class='ocr_line' id='line_1_23' title="bbox 466 2652 2051 2733; baseline -0.001 -16"><span class='ocrx_word' id='word_1_326' title='bbox 466 2659 651 2733; x_wconf 87' lang='lat' dir='ltr'>risconsulte,</span> <span class='ocrx_word' id='word_1_327' title='bbox 660 2660 790 2733; x_wconf 80' lang='lat' dir='ltr'>Atticus,</span> <span class='ocrx_word' id='word_1_328' title='bbox 799 2656 943 2715; x_wconf 81' lang='lat' dir='ltr'>chevalier</span> <span class='ocrx_word' id='word_1_329' title='bbox 952 2659 1065 2715; x_wconf 80' lang='lat' dir='ltr'>romain</span> <span class='ocrx_word' id='word_1_330' title='bbox 1072 2652 1234 2730; x_wconf 77' lang='lat' dir='ltr'>distingue,</span> <span class='ocrx_word' id='word_1_331' title='bbox 1279 2652 1306 2711; x_wconf 87' lang='lat' dir='ltr'>lc</span> <span class='ocrx_word' id='word_1_332' title='bbox 1316 2655 1416 2729; x_wconf 83' lang='lat' dir='ltr'>prince</span> <span class='ocrx_word' id='word_1_333' title='bbox 1426 2661 1456 2711; x_wconf 88' lang='lat' dir='ltr'>et</span> <span class='ocrx_word' id='word_1_334' title='bbox 1467 2655 1509 2713; x_wconf 80' lang='lat' dir='ltr'>les</span> <span class='ocrx_word' id='word_1_335' title='bbox 1518 2652 1636 2713; x_wconf 81' lang='lat' dir='ltr'>cnlunts</span> <span class='ocrx_word' id='word_1_336' title='bbox 1648 2653 1685 2713; x_wconf 86' lang='lat' dir='ltr'>de</span> <span class='ocrx_word' id='word_1_337' title='bbox 1695 2652 1906 2715; x_wconf 71' lang='lat' dir='ltr'>Germanicus.</span> <span class='ocrx_word' id='word_1_338' title='bbox 1919 2654 1982 2717; x_wconf 82' lang='lat' dir='ltr'>Des</span> <span class='ocrx_word' id='word_1_339' title='bbox 1992 2660 2051 2719; x_wconf 69' lang='lat' dir='ltr'>trd-</span> 
     </span>
     <span class='ocr_line' id='line_1_24' title="bbox 465 2742 2051 2827; baseline 0.003 -23"><span class='ocrx_word' id='word_1_340' title='bbox 465 2751 496 2804; x_wconf 91' lang='lat' dir='ltr'>et</span> <span class='ocrx_word' id='word_1_341' title='bbox 515 2744 614 2822; x_wconf 72' lang='lat' dir='ltr'>sejun,</span> <span class='ocrx_word' id='word_1_342' title='bbox 635 2748 832 2819; x_wconf 85' lang='lat' dir='ltr'>composuient</span> <span class='ocrx_word' id='word_1_343' title='bbox 846 2752 926 2804; x_wconf 87' lang='lat' dir='ltr'>toute</span> <span class='ocrx_word' id='word_1_344' title='bbox 942 2761 974 2802; x_wconf 87' lang='lat' dir='ltr'>su</span> <span class='ocrx_word' id='word_1_345' title='bbox 987 2746 1079 2818; x_wconf 89' lang='lat' dir='ltr'>suite,</span> <span class='ocrx_word' id='word_1_346' title='bbox 1098 2759 1169 2801; x_wconf 89' lang='lat' dir='ltr'>uvec</span> <span class='ocrx_word' id='word_1_347' title='bbox 1184 2744 1235 2802; x_wconf 79' lang='lat' dir='ltr'>des</span> <span class='ocrx_word' id='word_1_348' title='bbox 1278 2750 1338 2801; x_wconf 81' lang='lat' dir='ltr'>tres</span> <span class='ocrx_word' id='word_1_349' title='bbox 1356 2743 1471 2819; x_wconf 77' lang='lat' dir='ltr'>epostls</span> <span class='ocrx_word' id='word_1_350' title='bbox 1491 2744 1626 2803; x_wconf 81' lang='lat' dir='ltr'>iaisuient</span> <span class='ocrx_word' id='word_1_351' title='bbox 1644 2742 1747 2803; x_wconf 81' lang='lat' dir='ltr'>t’omce</span> <span class='ocrx_word' id='word_1_352' title='bbox 1765 2745 2006 2827; x_wconf 79' lang='lat' dir='ltr'>d’uccusuteurs3</span> <span class='ocrx_word' id='word_1_353' title='bbox 2019 2748 2051 2809; x_wconf 75' lang='lat' dir='ltr'>b</span> 
     </span>
     <span class='ocr_line' id='line_1_25' title="bbox 467 2830 2051 2914; baseline 0.003 -24"><span class='ocrx_word' id='word_1_354' title='bbox 467 2832 658 2909; x_wconf 76' lang='lat' dir='ltr'>buenteurs,</span> <span class='ocrx_word' id='word_1_355' title='bbox 677 2831 768 2892; x_wconf 82' lang='lat' dir='ltr'>Grecs</span> <span class='ocrx_word' id='word_1_356' title='bbox 784 2833 812 2891; x_wconf 82' lang='lat' dir='ltr'>ln</span> <span class='ocrx_word' id='word_1_357' title='bbox 829 2833 961 2907; x_wconf 86' lang='lat' dir='ltr'>plupnrt,</span> <span class='ocrx_word' id='word_1_358' title='bbox 979 2831 1052 2891; x_wconf 91' lang='lat' dir='ltr'>dont</span> <span class='ocrx_word' id='word_1_359' title='bbox 1074 2830 1235 2890; x_wconf 85' lang='lat' dir='ltr'>l’entretien</span> <span class='ocrx_word' id='word_1_360' title='bbox 1279 2831 1490 2891; x_wconf 84' lang='lat' dir='ltr'>s’ecburncient</span> <span class='ocrx_word' id='word_1_361' title='bbox 1511 2833 1749 2908; x_wconf 79' lang='lat' dir='ltr'>principalement</span> <span class='ocrx_word' id='word_1_362' title='bbox 1767 2838 1875 2892; x_wconf 69' lang='grc' dir='ltr'><strong>ωριτε</strong></span> <span class='ocrx_word' id='word_1_363' title='bbox 1897 2832 2051 2914; x_wconf 64' lang='lat' dir='ltr'>Nemmio</span> 
     </span>
     <span class='ocr_line' id='line_1_26' title="bbox 468 2918 2052 3000; baseline 0.003 -22"><span class='ocrx_word' id='word_1_364' title='bbox 468 2920 619 2981; x_wconf 84' lang='lat' dir='ltr'>l&#39;smusuit</span> <span class='ocrx_word' id='word_1_365' title='bbox 639 2920 695 2981; x_wconf 78' lang='lat' dir='ltr'>Les</span> <span class='ocrx_word' id='word_1_366' title='bbox 715 2921 894 2997; x_wconf 68' lang='lat' dir='ltr'>astrologum</span> <span class='ocrx_word' id='word_1_367' title='bbox 911 2918 1110 2994; x_wconf 72' lang='lat' dir='ltr'>pretenduient</span> <span class='ocrx_word' id='word_1_368' title='bbox 1126 2934 1184 2993; x_wconf 87' lang='lat' dir='ltr'>que</span> <span class='ocrx_word' id='word_1_369' title='bbox 1208 2919 1235 2977; x_wconf 87' lang='lat' dir='ltr'>lu</span> <span class='ocrx_word' id='word_1_370' title='bbox 1280 2922 1345 2996; x_wconf 91' lang='lat' dir='ltr'>plus</span> <span class='ocrx_word' id='word_1_371' title='bbox 1358 2922 1464 2997; x_wconf 86' lang='lat' dir='ltr'>proebe</span> <span class='ocrx_word' id='word_1_372' title='bbox 1476 2921 1606 2997; x_wconf 75' lang='lat' dir='ltr'>beritier,</span> <span class='ocrx_word' id='word_1_373' title='bbox 1622 2928 1652 2981; x_wconf 91' lang='lat' dir='ltr'>et</span> <span class='ocrx_word' id='word_1_374' title='bbox 1667 2924 1733 2997; x_wconf 85' lang='lat' dir='ltr'>qui,</span> <span class='ocrx_word' id='word_1_375' title='bbox 1745 2921 1863 2998; x_wconf 75' lang='lat' dir='ltr'>mulgre</span> <span class='ocrx_word' id='word_1_376' title='bbox 1876 2938 1913 2983; x_wconf 75' lang='lat' dir='ltr'>ss</span> <span class='ocrx_word' id='word_1_377' title='bbox 1923 2926 2052 3000; x_wconf 67' lang='lat' dir='ltr'>Jeunoe</span> 
     </span>
     <span class='ocr_line' id='line_1_27' title="bbox 467 3008 2051 3089; baseline 0.003 -21"><span class='ocrx_word' id='word_1_378' title='bbox 467 3012 591 3085; x_wconf 79' lang='lat' dir='ltr'>position</span> <span class='ocrx_word' id='word_1_379' title='bbox 604 3009 656 3068; x_wconf 88' lang='lat' dir='ltr'>des</span> <span class='ocrx_word' id='word_1_380' title='bbox 668 3016 776 3083; x_wconf 83' lang='lat' dir='ltr'>sstres,</span> <span class='ocrx_word' id='word_1_381' title='bbox 793 3024 831 3067; x_wconf 85' lang='lat' dir='ltr'>uu</span> <span class='ocrx_word' id='word_1_382' title='bbox 846 3014 974 3067; x_wconf 84' lang='lat' dir='ltr'>moment</span> <span class='ocrx_word' id='word_1_383' title='bbox 991 3008 1028 3066; x_wconf 88' lang='lat' dir='ltr'>de</span> <span class='ocrx_word' id='word_1_384' title='bbox 1046 3024 1098 3066; x_wconf 88' lang='lat' dir='ltr'>son</span> <span class='ocrx_word' id='word_1_385' title='bbox 1113 3008 1234 3082; x_wconf 83' lang='lat' dir='ltr'>de&#39;pcrt,</span> <span class='ocrx_word' id='word_1_386' title='bbox 1279 3017 1351 3069; x_wconf 80' lang='lat' dir='ltr'>etse</span> <span class='ocrx_word' id='word_1_387' title='bbox 1361 3010 1515 3087; x_wconf 76' lang='lat' dir='ltr'>modestis,</span> <span class='ocrx_word' id='word_1_388' title='bbox 1527 3010 1649 3070; x_wconf 86' lang='lat' dir='ltr'>onblinit</span> <span class='ocrx_word' id='word_1_389' title='bbox 1658 3018 1723 3087; x_wconf 94' lang='lat' dir='ltr'>trop</span> <span class='ocrx_word' id='word_1_390' title='bbox 1731 3017 1859 3071; x_wconf 78' lang='lat' dir='ltr'>souvent</span> <span class='ocrx_word' id='word_1_391' title='bbox 1870 3012 2051 3089; x_wconf 66' lang='lat' dir='ltr'>lesmdmece·</span> 
     </span>
     <span class='ocr_line' id='line_1_28' title="bbox 466 3095 2051 3176; baseline 0.004 -20"><span class='ocrx_word' id='word_1_392' title='bbox 466 3095 1235 3176; x_wconf 77' lang='lat' dir='ltr'>unnonpeitque&#39;l&#39;ibbrenereuiendruitplusbllome;</span> <span class='ocrx_word' id='word_1_393' title='bbox 1280 3096 1946 3174; x_wconf 78' lang='lat' dir='ltr'>mentuquelcscirconstencesdemuuduieut.</span> <span class='ocrx_word' id='word_1_394' title='bbox 1958 3100 2051 3161; x_wconf 77' lang='lat' dir='ltr'>Sesti</span> 
     </span>
     <span class='ocr_line' id='line_1_29' title="bbox 467 3183 2049 3265; baseline 0.003 -20"><span class='ocrx_word' id='word_1_395' title='bbox 467 3201 501 3244; x_wconf 83' lang='lat' dir='ltr'>ce</span> <span class='ocrx_word' id='word_1_396' title='bbox 519 3189 569 3261; x_wconf 89' lang='lat' dir='ltr'>qul</span> <span class='ocrx_word' id='word_1_397' title='bbox 585 3202 672 3245; x_wconf 81' lang='lat' dir='ltr'>ceusu</span> <span class='ocrx_word' id='word_1_398' title='bbox 686 3187 714 3244; x_wconf 85' lang='lat' dir='ltr'>lu</span> <span class='ocrx_word' id='word_1_399' title='bbox 732 3192 812 3260; x_wconf 87' lang='lat' dir='ltr'>perte</span> <span class='ocrx_word' id='word_1_400' title='bbox 826 3184 862 3242; x_wconf 90' lang='lat' dir='ltr'>de</span> <span class='ocrx_word' id='word_1_401' title='bbox 882 3183 1037 3259; x_wconf 81' lang='lat' dir='ltr'>plusieurs,</span> <span class='ocrx_word' id='word_1_402' title='bbox 1051 3185 1119 3258; x_wconf 89' lang='lat' dir='ltr'>qui,</span> <span class='ocrx_word' id='word_1_403' title='bbox 1133 3199 1237 3258; x_wconf 90' lang='lat' dir='ltr'>suppo·</span> <span class='ocrx_word' id='word_1_404' title='bbox 1280 3187 1408 3246; x_wconf 83' lang='lat' dir='ltr'>irencbis</span> <span class='ocrx_word' id='word_1_405' title='bbox 1419 3193 1449 3245; x_wconf 92' lang='lat' dir='ltr'>et</span> <span class='ocrx_word' id='word_1_406' title='bbox 1458 3202 1504 3245; x_wconf 88' lang='lat' dir='ltr'>ses</span> <span class='ocrx_word' id='word_1_407' title='bbox 1515 3189 1635 3261; x_wconf 73' lang='lat' dir='ltr'>cliente,</span> <span class='ocrx_word' id='word_1_408' title='bbox 1649 3187 1818 3261; x_wconf 77' lang='lat' dir='ltr'>impatiente</span> <span class='ocrx_word' id='word_1_409' title='bbox 1830 3186 2005 3265; x_wconf 73' lang='lat' dir='ltr'>d’ocqucrir</span> <span class='ocrx_word' id='word_1_410' title='bbox 2016 3188 2049 3249; x_wconf 74' lang='lat' dir='ltr'>b</span> 
     </span>
     <span class='ocr_line' id='line_1_30' title="bbox 467 3270 2049 3350; baseline 0.004 -19"><span class='ocrx_word' id='word_1_411' title='bbox 467 3270 1234 3347; x_wconf 79' lang='lat' dir='ltr'>suntsudnprochaine‚publibrentleurconjecture:</span> <span class='ocrx_word' id='word_1_412' title='bbox 1279 3277 1414 3350; x_wconf 84' lang='lat' dir='ltr'>pourolr,</span> <span class='ocrx_word' id='word_1_413' title='bbox 1424 3273 1845 3333; x_wconf 80' lang='lat' dir='ltr'>l‘excitalentlmontrerdctu</span> <span class='ocrx_word' id='word_1_414' title='bbox 1857 3274 2049 3337; x_wconf 71' lang='lat' dir='ltr'>resolutione</span> 
     </span>
     <span class='ocr_line' id='line_1_31' title="bbox 467 3360 2049 3438; baseline 0.003 -19"><span class='ocrx_word' id='word_1_415' title='bbox 467 3375 517 3419; x_wconf 84' lang='lat' dir='ltr'>cur</span> <span class='ocrx_word' id='word_1_416' title='bbox 529 3362 565 3420; x_wconf 89' lang='lat' dir='ltr'>ils</span> <span class='ocrx_word' id='word_1_417' title='bbox 578 3376 615 3419; x_wconf 90' lang='lat' dir='ltr'>ne</span> <span class='ocrx_word' id='word_1_418' title='bbox 626 3362 816 3438; x_wconf 79' lang='lat' dir='ltr'>prc&#39;royuient</span> <span class='ocrx_word' id='word_1_419' title='bbox 827 3361 909 3435; x_wconf 89' lang='lat' dir='ltr'>point</span> <span class='ocrx_word' id='word_1_420' title='bbox 921 3375 992 3435; x_wconf 88' lang='lat' dir='ltr'>que,</span> <span class='ocrx_word' id='word_1_421' title='bbox 1009 3375 1061 3434; x_wconf 84' lang='lat' dir='ltr'>pur</span> <span class='ocrx_word' id='word_1_422' title='bbox 1073 3376 1129 3418; x_wconf 89' lang='lat' dir='ltr'>une</span> <span class='ocrx_word' id='word_1_423' title='bbox 1141 3360 1235 3419; x_wconf 87' lang='lat' dir='ltr'>bizur·</span> <span class='ocrx_word' id='word_1_424' title='bbox 1280 3362 1317 3421; x_wconf 92' lang='lat' dir='ltr'>de</span> <span class='ocrx_word' id='word_1_425' title='bbox 1323 3363 1351 3421; x_wconf 86' lang='lat' dir='ltr'>lu</span> <span class='ocrx_word' id='word_1_426' title='bbox 1359 3362 1538 3437; x_wconf 76' lang='lat' dir='ltr'>lermete3ils</span> <span class='ocrx_word' id='word_1_427' title='bbox 1547 3362 1770 3438; x_wconf 74' lang='lat' dir='ltr'>reprdseutnient</span> <span class='ocrx_word' id='word_1_428' title='bbox 1777 3376 1837 3436; x_wconf 84' lang='lat' dir='ltr'>que</span> <span class='ocrx_word' id='word_1_429' title='bbox 1845 3360 2049 3423; x_wconf 77' lang='lat' dir='ltr'>e’enitteror</span> 
     </span>
     <span class='ocr_line' id='line_1_32' title="bbox 469 3448 2049 3529; baseline 0.002 -21"><span class='ocrx_word' id='word_1_430' title='bbox 469 3453 542 3509; x_wconf 87' lang='lat' dir='ltr'>reric</span> <span class='ocrx_word' id='word_1_431' title='bbox 551 3449 767 3524; x_wconf 81' lang='lat' dir='ltr'>inconcevuble,</span> <span class='ocrx_word' id='word_1_432' title='bbox 779 3466 813 3508; x_wconf 89' lang='lat' dir='ltr'>oe</span> <span class='ocrx_word' id='word_1_433' title='bbox 824 3452 938 3525; x_wconf 88' lang='lat' dir='ltr'>prince,</span> <span class='ocrx_word' id='word_1_434' title='bbox 952 3450 1158 3525; x_wconf 84' lang='lat' dir='ltr'>pendantonzc</span> <span class='ocrx_word' id='word_1_435' title='bbox 1167 3467 1235 3529; x_wconf 85' lang='lat' dir='ltr'>ans,</span> <span class='ocrx_word' id='word_1_436' title='bbox 1280 3450 1319 3510; x_wconf 90' lang='lat' dir='ltr'>du</span> <span class='ocrx_word' id='word_1_437' title='bbox 1334 3451 1437 3526; x_wconf 88' lang='lat' dir='ltr'>peuple</span> <span class='ocrx_word' id='word_1_438' title='bbox 1450 3452 1579 3524; x_wconf 88' lang='lat' dir='ltr'>romein,</span> <span class='ocrx_word' id='word_1_439' title='bbox 1593 3450 1667 3508; x_wconf 90' lang='lat' dir='ltr'>celul</span> <span class='ocrx_word' id='word_1_440' title='bbox 1681 3449 1719 3509; x_wconf 88' lang='lat' dir='ltr'>dc</span> <span class='ocrx_word' id='word_1_441' title='bbox 1732 3448 1869 3525; x_wconf 75' lang='lat' dir='ltr'>immeo,</span> <span class='ocrx_word' id='word_1_442' title='bbox 1884 3456 1918 3510; x_wconf 86' lang='lat' dir='ltr'>et</span> <span class='ocrx_word' id='word_1_443' title='bbox 1930 3452 2049 3527; x_wconf 76' lang='lat' dir='ltr'>l&#39;uniqus</span> 
     </span>
     <span class='ocr_line' id='line_1_33' title="bbox 467 3536 2050 3615; baseline 0.002 -19"><span class='ocrx_word' id='word_1_444' title='bbox 467 3539 623 3597; x_wconf 86' lang='lat' dir='ltr'>s&#39;exilercit</span> <span class='ocrx_word' id='word_1_445' title='bbox 634 3539 872 3597; x_wconf 84' lang='lat' dir='ltr'>volontuiremeut</span> <span class='ocrx_word' id='word_1_446' title='bbox 886 3538 922 3596; x_wconf 91' lang='lat' dir='ltr'>de</span> <span class='ocrx_word' id='word_1_447' title='bbox 936 3555 968 3596; x_wconf 86' lang='lat' dir='ltr'>se</span> <span class='ocrx_word' id='word_1_448' title='bbox 982 3541 1084 3613; x_wconf 79' lang='lat' dir='ltr'>patrie.</span> <span class='ocrx_word' id='word_1_449' title='bbox 1103 3539 1145 3597; x_wconf 81' lang='lat' dir='ltr'>La</span> <span class='ocrx_word' id='word_1_450' title='bbox 1161 3544 1236 3599; x_wconf 87' lang='lat' dir='ltr'>suite</span> <span class='ocrx_word' id='word_1_451' title='bbox 1280 3556 1386 3615; x_wconf 79' lang='lat' dir='ltr'>moyen</span> <span class='ocrx_word' id='word_1_452' title='bbox 1395 3539 1571 3598; x_wconf 87' lang='lat' dir='ltr'>decontenir</span> <span class='ocrx_word' id='word_1_453' title='bbox 1581 3536 1685 3612; x_wconf 74' lang='lat' dir='ltr'>deun,</span> <span class='ocrx_word' id='word_1_454' title='bbox 1698 3540 1748 3613; x_wconf 88' lang='lat' dir='ltr'>qui</span> <span class='ocrx_word' id='word_1_455' title='bbox 1760 3536 1883 3597; x_wconf 81' lang='lat' dir='ltr'>ebusnit</span> <span class='ocrx_word' id='word_1_456' title='bbox 1893 3538 2050 3615; x_wconf 75' lang='lat' dir='ltr'>egelemeut</span> 
     </span>
     <span class='ocr_line' id='line_1_34' title="bbox 469 3625 2049 3703; baseline 0 -16"><span class='ocrx_word' id='word_1_457' title='bbox 469 3628 502 3687; x_wconf 79' lang='lat' dir='ltr'>nt</span> <span class='ocrx_word' id='word_1_458' title='bbox 512 3627 579 3685; x_wconf 88' lang='lat' dir='ltr'>bien</span> <span class='ocrx_word' id='word_1_459' title='bbox 592 3628 655 3685; x_wconf 80' lang='lat' dir='ltr'>roir</span> <span class='ocrx_word' id='word_1_460' title='bbox 666 3627 834 3685; x_wconf 84' lang='lat' dir='ltr'>cleirement</span> <span class='ocrx_word' id='word_1_461' title='bbox 843 3626 975 3684; x_wconf 89' lang='lat' dir='ltr'>combien</span> <span class='ocrx_word' id='word_1_462' title='bbox 989 3625 1106 3684; x_wconf 85' lang='lat' dir='ltr'>l’erreur</span> <span class='ocrx_word' id='word_1_463' title='bbox 1115 3634 1158 3686; x_wconf 78' lang='lat' dir='ltr'>cst</span> <span class='ocrx_word' id='word_1_464' title='bbox 1170 3629 1236 3703; x_wconf 79' lang='lat' dir='ltr'>pres</span> <span class='ocrx_word' id='word_1_465' title='bbox 1279 3629 1331 3687; x_wconf 90' lang='lat' dir='ltr'>des</span> <span class='ocrx_word' id='word_1_466' title='bbox 1343 3627 1490 3687; x_wconf 76' lang='lat' dir='ltr'>iniblcsscs</span> <span class='ocrx_word' id='word_1_467' title='bbox 1498 3628 1567 3685; x_wconf 87' lang='lat' dir='ltr'>d’un</span> <span class='ocrx_word' id='word_1_468' title='bbox 1580 3627 1712 3686; x_wconf 87' lang='lat' dir='ltr'>vieillurd</span> <span class='ocrx_word' id='word_1_469' title='bbox 1720 3631 1750 3685; x_wconf 87' lang='lat' dir='ltr'>et</span> <span class='ocrx_word' id='word_1_470' title='bbox 1759 3625 1796 3685; x_wconf 89' lang='lat' dir='ltr'>de</span> <span class='ocrx_word' id='word_1_471' title='bbox 1806 3626 1836 3685; x_wconf 85' lang='lat' dir='ltr'>lu</span> <span class='ocrx_word' id='word_1_472' title='bbox 1846 3626 1979 3687; x_wconf 78' lang='lat' dir='ltr'>timidite‘</span> <span class='ocrx_word' id='word_1_473' title='bbox 1989 3627 2049 3687; x_wconf 75' lang='lat' dir='ltr'>d’·</span> 
     </span>
     <span class='ocr_line' id='line_1_35' title="bbox 468 3715 1501 3793; baseline 0 -18"><span class='ocrx_word' id='word_1_474' title='bbox 468 3716 504 3775; x_wconf 89' lang='lat' dir='ltr'>de</span> <span class='ocrx_word' id='word_1_475' title='bbox 518 3721 593 3773; x_wconf 87' lang='lat' dir='ltr'>cette</span> <span class='ocrx_word' id='word_1_476' title='bbox 604 3717 732 3789; x_wconf 89' lang='lat' dir='ltr'>science,</span> <span class='ocrx_word' id='word_1_477' title='bbox 746 3722 775 3773; x_wconf 91' lang='lat' dir='ltr'>et</span> <span class='ocrx_word' id='word_1_478' title='bbox 792 3715 873 3789; x_wconf 79' lang='lat' dir='ltr'>queis</span> <span class='ocrx_word' id='word_1_479' title='bbox 885 3729 994 3789; x_wconf 84' lang='lat' dir='ltr'>nunges</span> <span class='ocrx_word' id='word_1_480' title='bbox 1009 3730 1029 3790; x_wconf 83' lang='lat' dir='ltr'>y</span> <span class='ocrx_word' id='word_1_481' title='bbox 1044 3716 1235 3791; x_wconf 80' lang='lat' dir='ltr'>enxeloppent</span> <span class='ocrx_word' id='word_1_482' title='bbox 1276 3720 1363 3793; x_wconf 77' lang='lat' dir='ltr'>Jeune</span> <span class='ocrx_word' id='word_1_483' title='bbox 1375 3717 1501 3775; x_wconf 91' lang='lat' dir='ltr'>homme.</span> 
     </span>
     <span class='ocr_line' id='line_1_36' title="bbox 468 3801 2049 3881; baseline 0 -18"><span class='ocrx_word' id='word_1_484' title='bbox 468 3805 496 3863; x_wconf 75' lang='lat' dir='ltr'>lu</span> <span class='ocrx_word' id='word_1_485' title='bbox 507 3801 614 3877; x_wconf 76' lang='lat' dir='ltr'>verite;</span> <span class='ocrx_word' id='word_1_486' title='bbox 627 3819 665 3860; x_wconf 91' lang='lat' dir='ltr'>on</span> <span class='ocrx_word' id='word_1_487' title='bbox 680 3801 773 3877; x_wconf 75' lang='lat' dir='ltr'>predii</span> <span class='ocrx_word' id='word_1_488' title='bbox 788 3802 855 3860; x_wconf 89' lang='lat' dir='ltr'>bien</span> <span class='ocrx_word' id='word_1_489' title='bbox 873 3818 909 3859; x_wconf 92' lang='lat' dir='ltr'>en</span> <span class='ocrx_word' id='word_1_490' title='bbox 924 3802 993 3860; x_wconf 82' lang='lat' dir='ltr'>eliel</span> <span class='ocrx_word' id='word_1_491' title='bbox 1010 3818 1081 3861; x_wconf 81' lang='lat' dir='ltr'>creo</span> <span class='ocrx_word' id='word_1_492' title='bbox 1094 3805 1236 3863; x_wconf 87' lang='lat' dir='ltr'>certitude</span> <span class='ocrx_word' id='word_1_493' title='bbox 1320 3804 1381 3862; x_wconf 77' lang='lat' dir='ltr'>LX.</span> <span class='ocrx_word' id='word_1_494' title='bbox 1394 3805 1418 3861; x_wconf 91' lang='lat' dir='ltr'>ll</span> <span class='ocrx_word' id='word_1_495' title='bbox 1430 3806 1499 3861; x_wconf 89' lang='lat' dir='ltr'>e&#39;tuit</span> <span class='ocrx_word' id='word_1_496' title='bbox 1512 3803 1569 3861; x_wconf 94' lang='lat' dir='ltr'>loin</span> <span class='ocrx_word' id='word_1_497' title='bbox 1579 3803 1743 3861; x_wconf 84' lang='lat' dir='ltr'>suusdoute</span> <span class='ocrx_word' id='word_1_498' title='bbox 1753 3802 1789 3861; x_wconf 92' lang='lat' dir='ltr'>de</span> <span class='ocrx_word' id='word_1_499' title='bbox 1800 3802 1917 3862; x_wconf 77' lang='lat' dir='ltr'>former</span> <span class='ocrx_word' id='word_1_500' title='bbox 1928 3804 1981 3863; x_wconf 84' lang='lat' dir='ltr'>des</span> <span class='ocrx_word' id='word_1_501' title='bbox 1995 3822 2049 3881; x_wconf 82' lang='lat' dir='ltr'>pro</span> 
     </span>
     <span class='ocr_line' id='line_1_37' title="bbox 468 3890 2048 3969; baseline 0.001 -20"><span class='ocrx_word' id='word_1_502' title='bbox 468 3908 525 3968; x_wconf 87' lang='lat' dir='ltr'>que</span> <span class='ocrx_word' id='word_1_503' title='bbox 533 3890 636 3950; x_wconf 80' lang='lat' dir='ltr'>Tibere</span> <span class='ocrx_word' id='word_1_504' title='bbox 646 3908 683 3949; x_wconf 89' lang='lat' dir='ltr'>ne</span> <span class='ocrx_word' id='word_1_505' title='bbox 693 3894 882 3950; x_wconf 81' lang='lat' dir='ltr'>retourncrail</span> <span class='ocrx_word' id='word_1_506' title='bbox 893 3892 984 3965; x_wconf 76' lang='lat' dir='ltr'>plusti</span> <span class='ocrx_word' id='word_1_507' title='bbox 996 3890 1100 3966; x_wconf 87' lang='lat' dir='ltr'>Rome,</span> <span class='ocrx_word' id='word_1_508' title='bbox 1113 3896 1185 3950; x_wconf 88' lang='lat' dir='ltr'>mnis</span> <span class='ocrx_word' id='word_1_509' title='bbox 1197 3910 1233 3950; x_wconf 97' lang='lat' dir='ltr'>on</span> <span class='ocrx_word' id='word_1_510' title='bbox 1277 3898 1335 3969; x_wconf 86' lang='lat' dir='ltr'>jcts</span> <span class='ocrx_word' id='word_1_511' title='bbox 1348 3893 1385 3951; x_wconf 89' lang='lat' dir='ltr'>de</span> <span class='ocrx_word' id='word_1_512' title='bbox 1396 3892 1520 3966; x_wconf 69' lang='lat' dir='ltr'>renuite,</span> <span class='ocrx_word' id='word_1_513' title='bbox 1531 3892 1604 3949; x_wconf 84' lang='lat' dir='ltr'>mois</span> <span class='ocrx_word' id='word_1_514' title='bbox 1616 3890 1635 3948; x_wconf 91' lang='lat' dir='ltr'>il</span> <span class='ocrx_word' id='word_1_515' title='bbox 1650 3907 1681 3948; x_wconf 85' lang='lat' dir='ltr'>se</span> <span class='ocrx_word' id='word_1_516' title='bbox 1692 3894 1861 3965; x_wconf 88' lang='lat' dir='ltr'>permettuit</span> <span class='ocrx_word' id='word_1_517' title='bbox 1875 3892 2048 3969; x_wconf 82' lang='lat' dir='ltr'>quelquelois</span> 
     </span>
    </p>
   </div>
   <div class='ocr_carea' id='block_1_3' title="bbox 467 4043 2048 5727">
    <p class='ocr_par' dir='ltr' id='par_1_3' title="bbox 467 4043 2048 5727">
     <span class='ocr_line' id='line_1_38' title="bbox 467 4043 2047 4108; baseline 0 -11"><span class='ocrx_word' id='word_1_518' title='bbox 467 4048 513 4107; x_wconf 82' lang='lat' dir='ltr'>sit,</span> <span class='ocrx_word' id='word_1_519' title='bbox 525 4047 644 4097; x_wconf 66' lang='lat' dir='ltr'>sevitium</span> <span class='ocrx_word' id='word_1_520' title='bbox 658 4059 688 4095; x_wconf 82' lang='lat' dir='ltr'>sc</span> <span class='ocrx_word' id='word_1_521' title='bbox 705 4045 843 4105; x_wconf 71' lang='lat' dir='ltr'>libidinosus,</span> <span class='ocrx_word' id='word_1_522' title='bbox 855 4059 930 4107; x_wconf 85' lang='lat' dir='ltr'>quum</span> <span class='ocrx_word' id='word_1_523' title='bbox 943 4046 1012 4094; x_wconf 79' lang='lat' dir='ltr'>lectis</span> <span class='ocrx_word' id='word_1_524' title='bbox 1027 4052 1160 4108; x_wconf 85' lang='lat' dir='ltr'>promeret,</span> <span class='ocrx_word' id='word_1_525' title='bbox 1177 4047 1238 4096; x_wconf 88' lang='lat' dir='ltr'>locis</span> <span class='ocrx_word' id='word_1_526' title='bbox 1280 4060 1328 4095; x_wconf 94' lang='lat' dir='ltr'>non</span> <span class='ocrx_word' id='word_1_527' title='bbox 1344 4057 1509 4108; x_wconf 74' lang='lat' dir='ltr'>regressurum</span> <span class='ocrx_word' id='word_1_528' title='bbox 1530 4043 1594 4093; x_wconf 77' lang='lat' dir='ltr'>bend</span> <span class='ocrx_word' id='word_1_529' title='bbox 1612 4044 1673 4094; x_wconf 77' lang='lat' dir='ltr'>torte</span> <span class='ocrx_word' id='word_1_530' title='bbox 1693 4043 1803 4104; x_wconf 84' lang='lat' dir='ltr'>diotum;</span> <span class='ocrx_word' id='word_1_531' title='bbox 1821 4047 1965 4096; x_wconf 83' lang='lat' dir='ltr'>ceterorum</span> <span class='ocrx_word' id='word_1_532' title='bbox 1981 4043 2047 4096; x_wconf 67' lang='lat' dir='ltr'>mul</span> 
     </span>
     <span class='ocr_line' id='line_1_39' title="bbox 467 4114 2046 4181; baseline -0.001 -13"><span class='ocrx_word' id='word_1_533' title='bbox 467 4119 636 4168; x_wconf 76' lang='lat' dir='ltr'>ocmltsnrem.</span> <span class='ocrx_word' id='word_1_534' title='bbox 644 4117 765 4179; x_wconf 73' lang='lat' dir='ltr'>Erantqui</span> <span class='ocrx_word' id='word_1_535' title='bbox 772 4116 896 4165; x_wconf 79' lang='lat' dir='ltr'>crederent</span> <span class='ocrx_word' id='word_1_536' title='bbox 905 4117 929 4165; x_wconf 88' lang='lat' dir='ltr'>in</span> <span class='ocrx_word' id='word_1_537' title='bbox 937 4122 1059 4165; x_wconf 85' lang='lat' dir='ltr'>senectute</span> <span class='ocrx_word' id='word_1_538' title='bbox 1067 4117 1171 4177; x_wconf 73' lang='lat' dir='ltr'>corporis</span> <span class='ocrx_word' id='word_1_539' title='bbox 1179 4131 1237 4178; x_wconf 83' lang='lat' dir='ltr'>quo</span> <span class='ocrx_word' id='word_1_540' title='bbox 1279 4129 1362 4175; x_wconf 70' lang='lat' dir='ltr'>egere,</span> <span class='ocrx_word' id='word_1_541' title='bbox 1374 4128 1450 4177; x_wconf 90' lang='lat' dir='ltr'>quum</span> <span class='ocrx_word' id='word_1_542' title='bbox 1465 4115 1599 4177; x_wconf 86' lang='lat' dir='ltr'>propinquo</span> <span class='ocrx_word' id='word_1_543' title='bbox 1613 4127 1669 4163; x_wconf 82' lang='lat' dir='ltr'>mre</span> <span class='ocrx_word' id='word_1_544' title='bbox 1679 4118 1722 4162; x_wconf 78' lang='lat' dir='ltr'>eut</span> <span class='ocrx_word' id='word_1_545' title='bbox 1732 4114 1828 4173; x_wconf 85' lang='lat' dir='ltr'>littore,</span> <span class='ocrx_word' id='word_1_546' title='bbox 1843 4120 1872 4165; x_wconf 85' lang='lat' dir='ltr'>et</span> <span class='ocrx_word' id='word_1_547' title='bbox 1883 4128 1953 4181; x_wconf 57' lang='lat' dir='ltr'>supe</span> <span class='ocrx_word' id='word_1_548' title='bbox 1964 4116 2046 4167; x_wconf 74' lang='lat' dir='ltr'>meix</span> 
     </span>
     <span class='ocr_line' id='line_1_40' title="bbox 468 4182 1942 4251; baseline 0 -14"><span class='ocrx_word' id='word_1_549' title='bbox 468 4202 517 4251; x_wconf 87' lang='lat' dir='ltr'>que</span> <span class='ocrx_word' id='word_1_550' title='bbox 527 4188 636 4237; x_wconf 73' lang='lat' dir='ltr'>lubitum</span> <span class='ocrx_word' id='word_1_551' title='bbox 654 4184 740 4248; x_wconf 91' lang='lat' dir='ltr'>pudori</span> <span class='ocrx_word' id='word_1_552' title='bbox 752 4185 828 4235; x_wconf 78' lang='lat' dir='ltr'>luisse</span> <span class='ocrx_word' id='word_1_553' title='bbox 843 4200 850 4233; x_wconf 91' lang='lat'>:</span> <span class='ocrx_word' id='word_1_554' title='bbox 863 4185 952 4247; x_wconf 89' lang='lat' dir='ltr'>quippe</span> <span class='ocrx_word' id='word_1_555' title='bbox 966 4182 1002 4231; x_wconf 88' lang='lat' dir='ltr'>illi</span> <span class='ocrx_word' id='word_1_556' title='bbox 1014 4186 1157 4247; x_wconf 65' lang='lat' dir='ltr'>praegracilis</span> <span class='ocrx_word' id='word_1_557' title='bbox 1168 4193 1193 4234; x_wconf 93' lang='lat' dir='ltr'>et</span> <span class='ocrx_word' id='word_1_558' title='bbox 1202 4188 1237 4235; x_wconf 89' lang='lat' dir='ltr'>in·</span> <span class='ocrx_word' id='word_1_559' title='bbox 1280 4185 1346 4234; x_wconf 85' lang='lat' dir='ltr'>urbis</span> <span class='ocrx_word' id='word_1_560' title='bbox 1357 4184 1479 4244; x_wconf 80' lang='lat' dir='ltr'>assidens,</span> <span class='ocrx_word' id='word_1_561' title='bbox 1489 4190 1625 4234; x_wconf 73' lang='lat' dir='ltr'>extrenum</span> <span class='ocrx_word' id='word_1_562' title='bbox 1636 4190 1758 4234; x_wconf 74' lang='lat' dir='ltr'>senoetam</span> <span class='ocrx_word' id='word_1_563' title='bbox 1769 4184 1942 4248; x_wconf 72' lang='lat' dir='ltr'>compleverit.</span> 
     </span>
     <span class='ocr_line' id='line_1_41' title="bbox 468 4254 2047 4319; baseline -0.002 -12"><span class='ocrx_word' id='word_1_564' title='bbox 468 4270 543 4307; x_wconf 82' lang='lat' dir='ltr'>cum</span> <span class='ocrx_word' id='word_1_565' title='bbox 555 4257 699 4319; x_wconf 70' lang='lat' dir='ltr'>proceritas,</span> <span class='ocrx_word' id='word_1_566' title='bbox 708 4255 789 4304; x_wconf 89' lang='lat' dir='ltr'>nudus</span> <span class='ocrx_word' id='word_1_567' title='bbox 798 4255 883 4317; x_wconf 79' lang='lat' dir='ltr'>capillo</span> <span class='ocrx_word' id='word_1_568' title='bbox 897 4260 993 4311; x_wconf 74' lang='lat' dir='ltr'>vertex,</span> <span class='ocrx_word' id='word_1_569' title='bbox 1003 4257 1112 4305; x_wconf 70' lang='lat' dir='ltr'>ulcerou</span> <span class='ocrx_word' id='word_1_570' title='bbox 1125 4256 1197 4304; x_wconf 77' lang='lat' dir='ltr'>ucles</span> <span class='ocrx_word' id='word_1_571' title='bbox 1208 4269 1237 4304; x_wconf 81' lang='lat' dir='ltr'>ec</span> <span class='ocrx_word' id='word_1_572' title='bbox 1311 4257 1373 4305; x_wconf 77' lang='lat' dir='ltr'>bix.</span> <span class='ocrx_word' id='word_1_573' title='bbox 1391 4260 1425 4304; x_wconf 79' lang='lat' dir='ltr'>Ac</span> <span class='ocrx_word' id='word_1_574' title='bbox 1437 4254 1497 4303; x_wconf 71' lang='lat' dir='ltr'>bute</span> <span class='ocrx_word' id='word_1_575' title='bbox 1510 4254 1557 4303; x_wconf 88' lang='lat' dir='ltr'>illis</span> <span class='ocrx_word' id='word_1_576' title='bbox 1568 4254 1655 4303; x_wconf 90' lang='lat' dir='ltr'>diebus</span> <span class='ocrx_word' id='word_1_577' title='bbox 1665 4254 1773 4303; x_wconf 74' lang='lat' dir='ltr'>oblatum</span> <span class='ocrx_word' id='word_1_578' title='bbox 1785 4255 1881 4305; x_wconf 63' lang='lat' dir='ltr'>curi</span> <span class='ocrx_word' id='word_1_579' title='bbox 1893 4268 1985 4319; x_wconf 67' lang='lat' dir='ltr'>mps</span> <span class='ocrx_word' id='word_1_580' title='bbox 1994 4254 2047 4319; x_wconf 72' lang='lat' dir='ltr'>pti·</span> 
     </span>
     <span class='ocr_line' id='line_1_42' title="bbox 469 4323 2048 4389; baseline 0.001 -16"><span class='ocrx_word' id='word_1_581' title='bbox 469 4327 611 4389; x_wconf 83' lang='lat' dir='ltr'>plerumque</span> <span class='ocrx_word' id='word_1_582' title='bbox 621 4323 819 4373; x_wconf 69' lang='lat' dir='ltr'>medicaminibus</span> <span class='ocrx_word' id='word_1_583' title='bbox 829 4324 978 4373; x_wconf 76' lang='lat' dir='ltr'>interstincta</span> <span class='ocrx_word' id='word_1_584' title='bbox 991 4338 997 4370; x_wconf 92' lang='lat'>:</span> <span class='ocrx_word' id='word_1_585' title='bbox 1008 4328 1032 4371; x_wconf 92' lang='lat' dir='ltr'>ct</span> <span class='ocrx_word' id='word_1_586' title='bbox 1042 4324 1118 4373; x_wconf 85' lang='lat' dir='ltr'>ilbodi</span> <span class='ocrx_word' id='word_1_587' title='bbox 1129 4330 1237 4383; x_wconf 87' lang='lat' dir='ltr'>secreto,</span> <span class='ocrx_word' id='word_1_588' title='bbox 1278 4326 1361 4374; x_wconf 86' lang='lat' dir='ltr'>culum</span> <span class='ocrx_word' id='word_1_589' title='bbox 1373 4326 1439 4374; x_wconf 77' lang='lat' dir='ltr'>auxit</span> <span class='ocrx_word' id='word_1_590' title='bbox 1450 4338 1512 4373; x_wconf 78' lang='lat' dir='ltr'>runa</span> <span class='ocrx_word' id='word_1_591' title='bbox 1521 4324 1637 4382; x_wconf 81' lang='lat' dir='ltr'>rumoris,</span> <span class='ocrx_word' id='word_1_592' title='bbox 1646 4324 1800 4388; x_wconf 73' lang='lat' dir='ltr'>prrelrnitque</span> <span class='ocrx_word' id='word_1_593' title='bbox 1811 4324 1860 4387; x_wconf 88' lang='lat' dir='ltr'>ipsi</span> <span class='ocrx_word' id='word_1_594' title='bbox 1872 4326 2001 4377; x_wconf 66' lang='lat' dir='ltr'>miclon</span> <span class='ocrx_word' id='word_1_595' title='bbox 2009 4338 2048 4375; x_wconf 78' lang='grc' dir='ltr'>ιιι</span> 
     </span>
     <span class='ocr_line' id='line_1_43' title="bbox 469 4393 2047 4458; baseline 0.001 -13"><span class='ocrx_word' id='word_1_596' title='bbox 469 4396 544 4445; x_wconf 83' lang='lat' dir='ltr'>riure</span> <span class='ocrx_word' id='word_1_597' title='bbox 564 4400 657 4454; x_wconf 59' lang='lat' dir='ltr'>utus,</span> <span class='ocrx_word' id='word_1_598' title='bbox 678 4393 805 4443; x_wconf 78' lang='lat' dir='ltr'>recondere</span> <span class='ocrx_word' id='word_1_599' title='bbox 821 4393 971 4454; x_wconf 84' lang='lat' dir='ltr'>roluptrtes,</span> <span class='ocrx_word' id='word_1_600' title='bbox 990 4394 1104 4445; x_wconf 78' lang='lat' dir='ltr'>insxrerat.</span> <span class='ocrx_word' id='word_1_601' title='bbox 1125 4395 1238 4444; x_wconf 81' lang='lat' dir='ltr'>Traditur</span> <span class='ocrx_word' id='word_1_602' title='bbox 1278 4396 1391 4445; x_wconf 78' lang='lat' dir='ltr'>emioitiae</span> <span class='ocrx_word' id='word_1_603' title='bbox 1401 4396 1590 4458; x_wconf 76' lang='lat' dir='ltr'>musunrirque</span> <span class='ocrx_word' id='word_1_604' title='bbox 1601 4394 1682 4457; x_wconf 77' lang='lat' dir='ltr'>Sejurxl</span> <span class='ocrx_word' id='word_1_605' title='bbox 1694 4394 1873 4457; x_wconf 68' lang='lat' dir='ltr'>maglsbderet.</span> <span class='ocrx_word' id='word_1_606' title='bbox 1887 4396 2047 4447; x_wconf 69' lang='lat' dir='ltr'>verrem</span> 
     </span>
     <span class='ocr_line' id='line_1_44' title="bbox 469 4464 2047 4527; baseline 0.001 -11"><span class='ocrx_word' id='word_1_607' title='bbox 469 4467 541 4516; x_wconf 79' lang='lat' dir='ltr'>etiem</span> <span class='ocrx_word' id='word_1_608' title='bbox 551 4464 635 4514; x_wconf 74' lang='lat' dir='ltr'>mauis</span> <span class='ocrx_word' id='word_1_609' title='bbox 643 4464 784 4526; x_wconf 80' lang='lat' dir='ltr'>impotentis</span> <span class='ocrx_word' id='word_1_610' title='bbox 792 4469 932 4524; x_wconf 82' lang='lat' dir='ltr'>extrusum,</span> <span class='ocrx_word' id='word_1_611' title='bbox 943 4478 1015 4526; x_wconf 79' lang='lat' dir='ltr'>qrnxn</span> <span class='ocrx_word' id='word_1_612' title='bbox 1024 4464 1193 4514; x_wconf 76' lang='lat' dir='ltr'>dominationis</span> <span class='ocrx_word' id='word_1_613' title='bbox 1202 4478 1237 4513; x_wconf 86' lang='lat' dir='ltr'>so</span> <span class='ocrx_word' id='word_1_614' title='bbox 1280 4467 1304 4514; x_wconf 91' lang='lat' dir='ltr'>in</span> <span class='ocrx_word' id='word_1_615' title='bbox 1316 4466 1373 4515; x_wconf 73' lang='lat' dir='ltr'>silla</span> <span class='ocrx_word' id='word_1_616' title='bbox 1383 4466 1422 4515; x_wconf 89' lang='lat' dir='ltr'>cui</span> <span class='ocrx_word' id='word_1_617' title='bbox 1430 4466 1575 4515; x_wconf 70' lang='lat' dir='ltr'>vocobulum</span> <span class='ocrx_word' id='word_1_618' title='bbox 1584 4465 1725 4527; x_wconf 66' lang='lat' dir='ltr'>spelcum,</span> <span class='ocrx_word' id='word_1_619' title='bbox 1737 4478 1805 4514; x_wconf 78' lang='lat' dir='ltr'>merc</span> <span class='ocrx_word' id='word_1_620' title='bbox 1816 4466 1984 4517; x_wconf 76' lang='lat' dir='ltr'>Arnucluum</span> <span class='ocrx_word' id='word_1_621' title='bbox 1993 4466 2047 4516; x_wconf 72' lang='grc' dir='ltr'><strong>Ηιι</strong></span> 
     </span>
     <span class='ocr_line' id='line_1_45' title="bbox 468 4533 2048 4601; baseline 0 -16"><span class='ocrx_word' id='word_1_622' title='bbox 468 4538 530 4588; x_wconf 74' lang='lat' dir='ltr'>eiam</span> <span class='ocrx_word' id='word_1_623' title='bbox 539 4534 737 4598; x_wconf 70' lang='lat' dir='ltr'>edspunshetur,</span> <span class='ocrx_word' id='word_1_624' title='bbox 749 4544 827 4596; x_wconf 84' lang='lat' dir='ltr'>neque</span> <span class='ocrx_word' id='word_1_625' title='bbox 836 4533 954 4596; x_wconf 80' lang='lat' dir='ltr'>depellere</span> <span class='ocrx_word' id='word_1_626' title='bbox 963 4540 1069 4598; x_wconf 82' lang='lat' dir='ltr'>poterat,</span> <span class='ocrx_word' id='word_1_627' title='bbox 1079 4549 1155 4598; x_wconf 87' lang='lat' dir='ltr'>quum</span> <span class='ocrx_word' id='word_1_628' title='bbox 1165 4535 1238 4584; x_wconf 89' lang='lat' dir='ltr'>domi·</span> <span class='ocrx_word' id='word_1_629' title='bbox 1280 4536 1455 4597; x_wconf 77' lang='lat' dir='ltr'>Fundanosque</span> <span class='ocrx_word' id='word_1_630' title='bbox 1466 4540 1574 4593; x_wconf 77' lang='lat' dir='ltr'>montes,</span> <span class='ocrx_word' id='word_1_631' title='bbox 1584 4534 1701 4583; x_wconf 78' lang='lat' dir='ltr'>murem</span> <span class='ocrx_word' id='word_1_632' title='bbox 1711 4547 1785 4597; x_wconf 77' lang='lat' dir='ltr'>spem</span> <span class='ocrx_word' id='word_1_633' title='bbox 1798 4549 1806 4583; x_wconf 91' lang='lat'><strong>:</strong></span> <span class='ocrx_word' id='word_1_634' title='bbox 1818 4534 1874 4596; x_wconf 84' lang='lat' dir='ltr'>eius</span> <span class='ocrx_word' id='word_1_635' title='bbox 1885 4548 1931 4598; x_wconf 87' lang='lat' dir='ltr'>os,</span> <span class='ocrx_word' id='word_1_636' title='bbox 1940 4536 2048 4601; x_wconf 74' lang='lat' dir='ltr'>inpulere</span> 
     </span>
     <span class='ocr_line' id='line_1_46' title="bbox 469 4602 2047 4669; baseline -0.003 -12"><span class='ocrx_word' id='word_1_637' title='bbox 469 4608 589 4657; x_wconf 76' lang='lat' dir='ltr'>ustionem</span> <span class='ocrx_word' id='word_1_638' title='bbox 602 4605 679 4667; x_wconf 77' lang='lat' dir='ltr'>ipsum</span> <span class='ocrx_word' id='word_1_639' title='bbox 693 4602 784 4652; x_wconf 91' lang='lat' dir='ltr'>donum</span> <span class='ocrx_word' id='word_1_640' title='bbox 795 4604 848 4665; x_wconf 84' lang='lat' dir='ltr'>ejus</span> <span class='ocrx_word' id='word_1_641' title='bbox 858 4605 997 4667; x_wconf 63' lang='lat' dir='ltr'>miscet.</span> <span class='ocrx_word' id='word_1_642' title='bbox 1014 4608 1073 4654; x_wconf 77' lang='lat' dir='ltr'>b&#39;um</span> <span class='ocrx_word' id='word_1_643' title='bbox 1085 4606 1238 4655; x_wconf 78' lang='lat' dir='ltr'>dubitarent</span> <span class='ocrx_word' id='word_1_644' title='bbox 1279 4611 1350 4669; x_wconf 89' lang='lat' dir='ltr'>pente</span> <span class='ocrx_word' id='word_1_645' title='bbox 1369 4605 1448 4664; x_wconf 80' lang='lat' dir='ltr'>suxis,</span> <span class='ocrx_word' id='word_1_646' title='bbox 1467 4603 1548 4653; x_wconf 84' lang='lat' dir='ltr'>obruit</span> <span class='ocrx_word' id='word_1_647' title='bbox 1563 4603 1682 4667; x_wconf 71' lang='lat' dir='ltr'>quosdcm</span> <span class='ocrx_word' id='word_1_648' title='bbox 1699 4603 1836 4663; x_wconf 61' lang='lat' dir='ltr'>ministrnm</span> <span class='ocrx_word' id='word_1_649' title='bbox 1854 4604 1917 4655; x_wconf 83' lang='lat' dir='ltr'>bine</span> <span class='ocrx_word' id='word_1_650' title='bbox 1934 4605 2047 4656; x_wconf 84' lang='lat' dir='ltr'>metus&#39;rr</span> 
     </span>
     <span class='ocr_line' id='line_1_47' title="bbox 469 4673 2048 4740; baseline -0.001 -13"><span class='ocrx_word' id='word_1_651' title='bbox 469 4684 593 4740; x_wconf 57' lang='lat' dir='ltr'>sumtus</span> <span class='ocrx_word' id='word_1_652' title='bbox 605 4675 788 4733; x_wconf 68' lang='lat' dir='ltr'>Germanum,</span> <span class='ocrx_word' id='word_1_653' title='bbox 799 4674 887 4723; x_wconf 84' lang='lat' dir='ltr'>sororis</span> <span class='ocrx_word' id='word_1_654' title='bbox 897 4681 1007 4737; x_wconf 86' lang='lat' dir='ltr'>nepotem</span> <span class='ocrx_word' id='word_1_655' title='bbox 1017 4682 1041 4725; x_wconf 89' lang='lat' dir='ltr'>et</span> <span class='ocrx_word' id='word_1_656' title='bbox 1050 4679 1145 4725; x_wconf 87' lang='lat' dir='ltr'>cunctis</span> <span class='ocrx_word' id='word_1_657' title='bbox 1154 4675 1238 4725; x_wconf 79' lang='lat' dir='ltr'>leudu-</span> <span class='ocrx_word' id='word_1_658' title='bbox 1278 4689 1378 4737; x_wconf 81' lang='lat' dir='ltr'>omnes,</span> <span class='ocrx_word' id='word_1_659' title='bbox 1386 4680 1412 4725; x_wconf 90' lang='lat' dir='ltr'>et</span> <span class='ocrx_word' id='word_1_660' title='bbox 1419 4676 1474 4736; x_wconf 72' lang='lat' dir='ltr'>lugu</span> <span class='ocrx_word' id='word_1_661' title='bbox 1480 4688 1564 4723; x_wconf 89' lang='lat' dir='ltr'>corum</span> <span class='ocrx_word' id='word_1_662' title='bbox 1574 4676 1616 4737; x_wconf 88' lang='lat' dir='ltr'>qui</span> <span class='ocrx_word' id='word_1_663' title='bbox 1625 4674 1762 4723; x_wconf 78' lang='lat' dir='ltr'>morinum</span> <span class='ocrx_word' id='word_1_664' title='bbox 1769 4673 1938 4726; x_wconf 66' lang='lat' dir='ltr'>celebrem</span> <span class='ocrx_word' id='word_1_665' title='bbox 1945 4676 2048 4737; x_wconf 69' lang='lat' dir='ltr'>sein.</span> 
     </span>
     <span class='ocr_line' id='line_1_48' title="bbox 469 4744 2047 4810; baseline -0.001 -11"><span class='ocrx_word' id='word_1_666' title='bbox 469 4755 536 4810; x_wconf 67' lang='lat' dir='ltr'>mm,</span> <span class='ocrx_word' id='word_1_667' title='bbox 546 4748 580 4797; x_wconf 85' lang='lat' dir='ltr'>rel</span> <span class='ocrx_word' id='word_1_668' title='bbox 590 4759 694 4796; x_wconf 72' lang='lat' dir='ltr'>romana</span> <span class='ocrx_word' id='word_1_669' title='bbox 703 4746 839 4808; x_wconf 86' lang='lat' dir='ltr'>imponere;</span> <span class='ocrx_word' id='word_1_670' title='bbox 851 4744 908 4804; x_wconf 87' lang='lat' dir='ltr'>sed,</span> <span class='ocrx_word' id='word_1_671' title='bbox 919 4746 1030 4808; x_wconf 89' lang='lat' dir='ltr'>precibus</span> <span class='ocrx_word' id='word_1_672' title='bbox 1040 4748 1120 4795; x_wconf 88' lang='lat' dir='ltr'>uxoris</span> <span class='ocrx_word' id='word_1_673' title='bbox 1130 4747 1237 4806; x_wconf 84' lang='lat' dir='ltr'>erictus,</span> <span class='ocrx_word' id='word_1_674' title='bbox 1279 4760 1341 4808; x_wconf 83' lang='lat' dir='ltr'>genn</span> <span class='ocrx_word' id='word_1_675' title='bbox 1353 4746 1501 4808; x_wconf 81' lang='lat' dir='ltr'>rrrltuqueet</span> <span class='ocrx_word' id='word_1_676' title='bbox 1512 4745 1624 4793; x_wconf 75' lang='lat' dir='ltr'>menibus</span> <span class='ocrx_word' id='word_1_677' title='bbox 1635 4758 1708 4807; x_wconf 87' lang='lat' dir='ltr'>super</span> <span class='ocrx_word' id='word_1_678' title='bbox 1719 4748 1840 4795; x_wconf 66' lang='lat' dir='ltr'>caerem</span> <span class='ocrx_word' id='word_1_679' title='bbox 1852 4758 2047 4810; x_wconf 57' lang='lat' dir='ltr'>suspensum·</span> 
     </span>
     <span class='ocr_line' id='line_1_49' title="bbox 468 4814 2047 4881; baseline -0.003 -12"><span class='ocrx_word' id='word_1_680' title='bbox 468 4820 564 4871; x_wconf 83' lang='lat' dir='ltr'>&#39;liberio</span> <span class='ocrx_word' id='word_1_681' title='bbox 573 4817 754 4877; x_wconf 71' lang='lat' dir='ltr'>Germanicum,</span> <span class='ocrx_word' id='word_1_682' title='bbox 766 4816 811 4865; x_wconf 86' lang='lat' dir='ltr'>sibi</span> <span class='ocrx_word' id='word_1_683' title='bbox 825 4816 949 4865; x_wconf 76' lang='lat' dir='ltr'>Tiberium</span> <span class='ocrx_word' id='word_1_684' title='bbox 960 4816 1063 4866; x_wconf 74' lang='lat' dir='ltr'>adscirit</span> <span class='ocrx_word' id='word_1_685' title='bbox 1078 4832 1084 4864; x_wconf 91' lang='lat'>:</span> <span class='ocrx_word' id='word_1_686' title='bbox 1105 4817 1177 4879; x_wconf 89' lang='lat' dir='ltr'>idque</span> <span class='ocrx_word' id='word_1_687' title='bbox 1191 4823 1238 4867; x_wconf 78' lang='lat' dir='ltr'>Au·</span> <span class='ocrx_word' id='word_1_688' title='bbox 1279 4816 1360 4879; x_wconf 74' lang='lat' dir='ltr'>posuit</span> <span class='ocrx_word' id='word_1_689' title='bbox 1372 4829 1426 4866; x_wconf 84' lang='lat' dir='ltr'>sese</span> <span class='ocrx_word' id='word_1_690' title='bbox 1436 4814 1613 4877; x_wconf 84' lang='lat' dir='ltr'>incidentibus;</span> <span class='ocrx_word' id='word_1_691' title='bbox 1626 4821 1699 4877; x_wconf 81' lang='lat' dir='ltr'>utque</span> <span class='ocrx_word' id='word_1_692' title='bbox 1709 4815 1794 4864; x_wconf 78' lang='lat' dir='ltr'>babitu</span> <span class='ocrx_word' id='word_1_693' title='bbox 1806 4814 1849 4864; x_wconf 73' lang='lat' dir='ltr'>reti</span> <span class='ocrx_word' id='word_1_694' title='bbox 1860 4820 1979 4881; x_wconf 70' lang='lat' dir='ltr'>reputas</span> <span class='ocrx_word' id='word_1_695' title='bbox 1988 4820 2047 4865; x_wconf 79' lang='lat' dir='ltr'>ests</span> 
     </span>
     <span class='ocr_line' id='line_1_50' title="bbox 468 4884 2046 4954; baseline -0.003 -13"><span class='ocrx_word' id='word_1_696' title='bbox 468 4888 721 4954; x_wconf 65' lang='lat' dir='ltr'>mxnnprobnbet,</span> <span class='ocrx_word' id='word_1_697' title='bbox 734 4887 882 4950; x_wconf 77' lang='lat' dir='ltr'>reposcebat.</span> <span class='ocrx_word' id='word_1_698' title='bbox 1279 4886 1397 4936; x_wconf 88' lang='lat' dir='ltr'>militibus</span> <span class='ocrx_word' id='word_1_699' title='bbox 1412 4886 1454 4949; x_wconf 88' lang='lat' dir='ltr'>qui</span> <span class='ocrx_word' id='word_1_700' title='bbox 1465 4885 1575 4935; x_wconf 88' lang='lat' dir='ltr'>subsidio</span> <span class='ocrx_word' id='word_1_701' title='bbox 1592 4891 1716 4935; x_wconf 79' lang='lat' dir='ltr'>verxcrunt.</span> <span class='ocrx_word' id='word_1_702' title='bbox 1731 4884 1806 4947; x_wconf 71' lang='lat' dir='ltr'>Major</span> <span class='ocrx_word' id='word_1_703' title='bbox 1821 4898 1853 4935; x_wconf 91' lang='lat' dir='ltr'>ex</span> <span class='ocrx_word' id='word_1_704' title='bbox 1868 4894 2046 4951; x_wconf 47' lang='lat' dir='ltr'>contam-</span> 
     </span>
     <span class='ocr_line' id='line_1_51' title="bbox 500 4954 2044 5019; baseline -0.003 -8"><span class='ocrx_word' id='word_1_705' title='bbox 500 4964 584 5011; x_wconf 77' lang='lat' dir='ltr'>bviii</span> <span class='ocrx_word' id='word_1_706' title='bbox 602 4959 720 5010; x_wconf 75' lang='lat' dir='ltr'>Profectio</span> <span class='ocrx_word' id='word_1_707' title='bbox 730 4963 783 5007; x_wconf 77' lang='lat' dir='ltr'>erto</span> <span class='ocrx_word' id='word_1_708' title='bbox 792 4958 906 5007; x_wconf 78' lang='lat' dir='ltr'>comitatu</span> <span class='ocrx_word' id='word_1_709' title='bbox 917 4956 963 5006; x_wconf 88' lang='lat' dir='ltr'>luit</span> <span class='ocrx_word' id='word_1_710' title='bbox 978 4972 984 5005; x_wconf 91' lang='lat'>:</span> <span class='ocrx_word' id='word_1_711' title='bbox 1000 4971 1064 5007; x_wconf 91' lang='lat' dir='ltr'>unus</span> <span class='ocrx_word' id='word_1_712' title='bbox 1074 4963 1170 5007; x_wconf 76' lang='lat' dir='ltr'>senator</span> <span class='ocrx_word' id='word_1_713' title='bbox 1179 4971 1237 5006; x_wconf 89' lang='lat' dir='ltr'>con·</span> <span class='ocrx_word' id='word_1_714' title='bbox 1279 4970 1352 5019; x_wconf 75' lang='lat' dir='ltr'>quam</span> <span class='ocrx_word' id='word_1_715' title='bbox 1363 4956 1466 5005; x_wconf 77' lang='lat' dir='ltr'>exitioso</span> <span class='ocrx_word' id='word_1_716' title='bbox 1477 4955 1604 5015; x_wconf 67' lang='lat' dir='ltr'>susdoeet,</span> <span class='ocrx_word' id='word_1_717' title='bbox 1616 4959 1645 5004; x_wconf 96' lang='lat' dir='ltr'>ut</span> <span class='ocrx_word' id='word_1_718' title='bbox 1660 4969 1708 5004; x_wconf 86' lang='lat' dir='ltr'>non</span> <span class='ocrx_word' id='word_1_719' title='bbox 1719 4954 1758 5004; x_wconf 87' lang='lat' dir='ltr'>sui</span> <span class='ocrx_word' id='word_1_720' title='bbox 1768 4954 1871 5016; x_wconf 76' lang='lat' dir='ltr'>anxius,</span> <span class='ocrx_word' id='word_1_721' title='bbox 1880 4968 1943 5005; x_wconf 84' lang='grc' dir='ltr'><strong>αιιιι</strong></span> <span class='ocrx_word' id='word_1_722' title='bbox 1952 4954 2044 5006; x_wconf 68' lang='lat' dir='ltr'>fideu-</span> 
     </span>
     <span class='ocr_line' id='line_1_52' title="bbox 469 5024 2048 5090; baseline -0.003 -10"><span class='ocrx_word' id='word_1_723' title='bbox 469 5032 549 5081; x_wconf 77' lang='lat' dir='ltr'>uulstu</span> <span class='ocrx_word' id='word_1_724' title='bbox 560 5031 671 5090; x_wconf 85' lang='lat' dir='ltr'>iunctus,</span> <span class='ocrx_word' id='word_1_725' title='bbox 684 5029 800 5079; x_wconf 79' lang='lat' dir='ltr'>cooeeius</span> <span class='ocrx_word' id='word_1_726' title='bbox 809 5031 899 5087; x_wconf 68' lang='lat' dir='ltr'>Serra,</span> <span class='ocrx_word' id='word_1_727' title='bbox 911 5028 950 5076; x_wconf 88' lang='lat' dir='ltr'>cui</span> <span class='ocrx_word' id='word_1_728' title='bbox 961 5028 1039 5088; x_wconf 78' lang='lat' dir='ltr'>legum</span> <span class='ocrx_word' id='word_1_729' title='bbox 1052 5028 1150 5090; x_wconf 82' lang='lat' dir='ltr'>peritie;</span> <span class='ocrx_word' id='word_1_730' title='bbox 1162 5041 1239 5090; x_wconf 82' lang='lat' dir='ltr'>eques</span> <span class='ocrx_word' id='word_1_731' title='bbox 1279 5027 1397 5076; x_wconf 78' lang='lat' dir='ltr'>diebrtur.</span> <span class='ocrx_word' id='word_1_732' title='bbox 1409 5026 1619 5089; x_wconf 77' lang='lat' dir='ltr'>Assimutnbatque</span> <span class='ocrx_word' id='word_1_733' title='bbox 1631 5026 1719 5089; x_wconf 86' lang='lat' dir='ltr'>judicis</span> <span class='ocrx_word' id='word_1_734' title='bbox 1729 5030 1811 5089; x_wconf 68' lang='lat' dir='ltr'>partes</span> <span class='ocrx_word' id='word_1_735' title='bbox 1821 5024 1947 5076; x_wconf 69' lang='lat' dir='ltr'>eduum</span> <span class='ocrx_word' id='word_1_736' title='bbox 1957 5028 2048 5079; x_wconf 72' lang='lat' dir='ltr'>Gen·</span> 
     </span>
     <span class='ocr_line' id='line_1_53' title="bbox 470 5096 2046 5163; baseline -0.003 -12"><span class='ocrx_word' id='word_1_737' title='bbox 470 5114 596 5159; x_wconf 88' lang='lat' dir='ltr'>romxnus,</span> <span class='ocrx_word' id='word_1_738' title='bbox 609 5106 695 5163; x_wconf 73' lang='lat' dir='ltr'>prester</span> <span class='ocrx_word' id='word_1_739' title='bbox 705 5100 870 5161; x_wconf 72' lang='lat' dir='ltr'>Seianum,er</span> <span class='ocrx_word' id='word_1_740' title='bbox 883 5098 1016 5147; x_wconf 88' lang='lat' dir='ltr'>illustribus</span> <span class='ocrx_word' id='word_1_741' title='bbox 1028 5098 1238 5158; x_wconf 77' lang='lat' dir='ltr'>CurtiusAtticus3</span> <span class='ocrx_word' id='word_1_742' title='bbox 1279 5097 1325 5147; x_wconf 88' lang='lat' dir='ltr'>uici</span> <span class='ocrx_word' id='word_1_743' title='bbox 1332 5099 1440 5161; x_wconf 81' lang='lat' dir='ltr'>stirpem,</span> <span class='ocrx_word' id='word_1_744' title='bbox 1446 5096 1551 5145; x_wconf 88' lang='lat' dir='ltr'>subditis</span> <span class='ocrx_word' id='word_1_745' title='bbox 1561 5097 1603 5159; x_wconf 81' lang='lat' dir='ltr'>qni</span> <span class='ocrx_word' id='word_1_746' title='bbox 1615 5096 2046 5153; x_wconf 73' lang='lat' dir='ltr'>eccusstornmucmimusthcrul.</span> 
     </span>
     <span class='ocr_line' id='line_1_54' title="bbox 468 5166 2047 5233; baseline -0.003 -11"><span class='ocrx_word' id='word_1_747' title='bbox 468 5171 690 5223; x_wconf 78' lang='lat' dir='ltr'>cetcrilibenlibus</span> <span class='ocrx_word' id='word_1_748' title='bbox 706 5171 794 5219; x_wconf 87' lang='lat' dir='ltr'>studiis</span> <span class='ocrx_word' id='word_1_749' title='bbox 811 5169 920 5233; x_wconf 70' lang='lat' dir='ltr'>prediti,</span> <span class='ocrx_word' id='word_1_750' title='bbox 936 5169 1011 5218; x_wconf 86' lang='lat' dir='ltr'>lerme</span> <span class='ocrx_word' id='word_1_751' title='bbox 1024 5169 1118 5227; x_wconf 73' lang='lat' dir='ltr'>Greci,</span> <span class='ocrx_word' id='word_1_752' title='bbox 1134 5179 1238 5231; x_wconf 79' lang='lat' dir='ltr'>quorum</span> <span class='ocrx_word' id='word_1_753' title='bbox 1280 5170 1433 5231; x_wconf 79' lang='lat' dir='ltr'>meximeque</span> <span class='ocrx_word' id='word_1_754' title='bbox 1451 5168 1627 5217; x_wconf 69' lang='lat' dir='ltr'>insectarentur</span> <span class='ocrx_word' id='word_1_755' title='bbox 1644 5170 1779 5229; x_wconf 71' lang='lat' dir='ltr'>Neronem,</span> <span class='ocrx_word' id='word_1_756' title='bbox 1795 5166 1942 5229; x_wconf 79' lang='lat' dir='ltr'>proxim</span> <span class='ocrx_word' id='word_1_757' title='bbox 1961 5178 2047 5218; x_wconf 66' lang='lat' dir='ltr'>m</span> 
     </span>
     <span class='ocr_line' id='line_1_55' title="bbox 469 5235 2047 5301; baseline -0.004 -8"><span class='ocrx_word' id='word_1_758' title='bbox 469 5241 621 5293; x_wconf 69' lang='lat' dir='ltr'>umouibus</span> <span class='ocrx_word' id='word_1_759' title='bbox 640 5240 768 5289; x_wconf 76' lang='lat' dir='ltr'>lereretur.</span> <span class='ocrx_word' id='word_1_760' title='bbox 781 5240 897 5289; x_wconf 75' lang='lat' dir='ltr'>Ferebunl</span> <span class='ocrx_word' id='word_1_761' title='bbox 908 5239 978 5300; x_wconf 88' lang='lat' dir='ltr'>periti</span> <span class='ocrx_word' id='word_1_762' title='bbox 993 5238 1128 5287; x_wconf 82' lang='lat' dir='ltr'>coelestium</span> <span class='ocrx_word' id='word_1_763' title='bbox 1142 5239 1169 5286; x_wconf 79' lang='lat' dir='ltr'>iis</span> <span class='ocrx_word' id='word_1_764' title='bbox 1187 5253 1238 5287; x_wconf 91' lang='lat' dir='ltr'>mo-</span> <span class='ocrx_word' id='word_1_765' title='bbox 1280 5239 1356 5298; x_wconf 87' lang='lat' dir='ltr'>sioni,</span> <span class='ocrx_word' id='word_1_766' title='bbox 1371 5245 1407 5295; x_wconf 83' lang='lat' dir='ltr'>et,</span> <span class='ocrx_word' id='word_1_767' title='bbox 1424 5251 1562 5300; x_wconf 78' lang='lat' dir='ltr'>quanquam</span> <span class='ocrx_word' id='word_1_768' title='bbox 1574 5235 1683 5286; x_wconf 73' lang='lat' dir='ltr'>modesta</span> <span class='ocrx_word' id='word_1_769' title='bbox 1690 5236 1802 5298; x_wconf 72' lang='lat' dir='ltr'>juverre,</span> <span class='ocrx_word' id='word_1_770' title='bbox 1815 5236 1966 5301; x_wconf 70' lang='grc' dir='ltr'><strong>ρισιωιρα</strong></span> <span class='ocrx_word' id='word_1_771' title='bbox 1975 5242 2047 5287; x_wconf 68' lang='lat' dir='ltr'>m</span> 
     </span>
     <span class='ocr_line' id='line_1_56' title="bbox 470 5306 2048 5372; baseline -0.003 -9"><span class='ocrx_word' id='word_1_772' title='bbox 470 5313 536 5363; x_wconf 88' lang='lat' dir='ltr'>ubus</span> <span class='ocrx_word' id='word_1_773' title='bbox 549 5310 656 5360; x_wconf 85' lang='lat' dir='ltr'>siderum</span> <span class='ocrx_word' id='word_1_774' title='bbox 672 5311 805 5359; x_wconf 78' lang='lat' dir='ltr'>excessisse</span> <span class='ocrx_word' id='word_1_775' title='bbox 819 5313 895 5359; x_wconf 77' lang='lat' dir='ltr'>llome</span> <span class='ocrx_word' id='word_1_776' title='bbox 910 5309 1047 5367; x_wconf 85' lang='lat' dir='ltr'>Tiberium,</span> <span class='ocrx_word' id='word_1_777' title='bbox 1061 5312 1089 5356; x_wconf 93' lang='lat' dir='ltr'>ut</span> <span class='ocrx_word' id='word_1_778' title='bbox 1101 5308 1191 5357; x_wconf 86' lang='lat' dir='ltr'>reditus</span> <span class='ocrx_word' id='word_1_779' title='bbox 1205 5307 1239 5356; x_wconf 93' lang='lat' dir='ltr'>illi</span> <span class='ocrx_word' id='word_1_780' title='bbox 1280 5308 1338 5372; x_wconf 86' lang='lat' dir='ltr'>qnid</span> <span class='ocrx_word' id='word_1_781' title='bbox 1350 5309 1375 5357; x_wconf 93' lang='lat' dir='ltr'>in</span> <span class='ocrx_word' id='word_1_782' title='bbox 1384 5309 1565 5369; x_wconf 70' lang='lat' dir='ltr'>presentienun</span> <span class='ocrx_word' id='word_1_783' title='bbox 1577 5306 1722 5357; x_wconf 89' lang='lat' dir='ltr'>conduceret</span> <span class='ocrx_word' id='word_1_784' title='bbox 1732 5306 1852 5369; x_wconf 88' lang='lat' dir='ltr'>oblitum;</span> <span class='ocrx_word' id='word_1_785' title='bbox 1863 5307 1927 5359; x_wconf 84' lang='lat' dir='ltr'>dum</span> <span class='ocrx_word' id='word_1_786' title='bbox 1937 5322 1954 5358; x_wconf 76' lang='lat' dir='ltr'>e</span> <span class='ocrx_word' id='word_1_787' title='bbox 1965 5306 2048 5359; x_wconf 68' lang='lat' dir='ltr'>maur</span> 
     </span>
     <span class='ocr_line' id='line_1_57' title="bbox 471 5377 2048 5446; baseline -0.001 -15"><span class='ocrx_word' id='word_1_788' title='bbox 471 5387 597 5446; x_wconf 71' lang='lat' dir='ltr'>negaretur</span> <span class='ocrx_word' id='word_1_789' title='bbox 610 5396 616 5428; x_wconf 93' lang='lat'><strong>:</strong></span> <span class='ocrx_word' id='word_1_790' title='bbox 629 5381 693 5429; x_wconf 85' lang='lat' dir='ltr'>uude</span> <span class='ocrx_word' id='word_1_791' title='bbox 702 5380 770 5429; x_wconf 87' lang='lat' dir='ltr'>exitii</span> <span class='ocrx_word' id='word_1_792' title='bbox 778 5393 852 5429; x_wconf 81' lang='lat' dir='ltr'>esnse</span> <span class='ocrx_word' id='word_1_793' title='bbox 863 5380 945 5429; x_wconf 89' lang='lat' dir='ltr'>multis</span> <span class='ocrx_word' id='word_1_794' title='bbox 955 5379 1015 5439; x_wconf 86' lang='lat' dir='ltr'>iuit,</span> <span class='ocrx_word' id='word_1_795' title='bbox 1028 5392 1157 5443; x_wconf 89' lang='lat' dir='ltr'>properum</span> <span class='ocrx_word' id='word_1_796' title='bbox 1167 5378 1239 5427; x_wconf 85' lang='lat' dir='ltr'>linem</span> <span class='ocrx_word' id='word_1_797' title='bbox 1280 5385 1305 5428; x_wconf 90' lang='lat' dir='ltr'>et</span> <span class='ocrx_word' id='word_1_798' title='bbox 1318 5378 1457 5431; x_wconf 84' lang='lat' dir='ltr'>clientibus.</span> <span class='ocrx_word' id='word_1_799' title='bbox 1468 5378 1603 5440; x_wconf 80' lang='lat' dir='ltr'>episoendae</span> <span class='ocrx_word' id='word_1_800' title='bbox 1615 5378 1728 5442; x_wconf 69' lang='lat' dir='ltr'>potentie</span> <span class='ocrx_word' id='word_1_801' title='bbox 1743 5377 1867 5440; x_wconf 64' lang='lat' dir='ltr'>popum,</span> <span class='ocrx_word' id='word_1_802' title='bbox 1882 5378 2048 5429; x_wconf 66' lang='lat' dir='ltr'>exemto</span> 
     </span>
     <span class='ocr_line' id='line_1_58' title="bbox 471 5447 2047 5514; baseline -0.003 -10"><span class='ocrx_word' id='word_1_803' title='bbox 471 5458 529 5504; x_wconf 74' lang='lat' dir='ltr'>rite</span> <span class='ocrx_word' id='word_1_804' title='bbox 540 5451 729 5514; x_wconf 72' lang='lat' dir='ltr'>coniectantibus</span> <span class='ocrx_word' id='word_1_805' title='bbox 741 5450 956 5513; x_wconf 57' lang='lat' dir='ltr'>volentibusque:</span> <span class='ocrx_word' id='word_1_806' title='bbox 965 5463 1044 5512; x_wconf 85' lang='lat' dir='ltr'>neque</span> <span class='ocrx_word' id='word_1_807' title='bbox 1060 5450 1125 5499; x_wconf 90' lang='lat' dir='ltr'>enim</span> <span class='ocrx_word' id='word_1_808' title='bbox 1137 5454 1185 5497; x_wconf 70' lang='lat' dir='ltr'>um</span> <span class='ocrx_word' id='word_1_809' title='bbox 1204 5449 1239 5497; x_wconf 89' lang='lat' dir='ltr'>in·</span> <span class='ocrx_word' id='word_1_810' title='bbox 1282 5454 1309 5497; x_wconf 89' lang='lat' dir='ltr'>ut</span> <span class='ocrx_word' id='word_1_811' title='bbox 1320 5452 1426 5498; x_wconf 89' lang='lat' dir='ltr'>erectum</span> <span class='ocrx_word' id='word_1_812' title='bbox 1435 5454 1460 5498; x_wconf 86' lang='lat' dir='ltr'>et</span> <span class='ocrx_word' id='word_1_813' title='bbox 1470 5448 1584 5498; x_wconf 81' lang='lat' dir='ltr'>fidentem</span> <span class='ocrx_word' id='word_1_814' title='bbox 1595 5447 1814 5498; x_wconf 79' lang='lat' dir='ltr'>aninuostenderet</span> <span class='ocrx_word' id='word_1_815' title='bbox 1827 5462 1859 5497; x_wconf 75' lang='lat'>:-</span> <span class='ocrx_word' id='word_1_816' title='bbox 1870 5449 1938 5499; x_wconf 82' lang='lat' dir='ltr'>reue</span> <span class='ocrx_word' id='word_1_817' title='bbox 1947 5449 1972 5500; x_wconf 88' lang='lat' dir='ltr'>id</span> <span class='ocrx_word' id='word_1_818' title='bbox 1980 5460 2047 5513; x_wconf 67' lang='grc' dir='ltr'>ρῳ·</span> 
     </span>
     <span class='ocr_line' id='line_1_59' title="bbox 471 5520 2048 5585; baseline -0.003 -10"><span class='ocrx_word' id='word_1_819' title='bbox 471 5524 609 5576; x_wconf 74' lang='lat' dir='ltr'>credililem</span> <span class='ocrx_word' id='word_1_820' title='bbox 620 5535 703 5572; x_wconf 74' lang='lat' dir='ltr'>essum</span> <span class='ocrx_word' id='word_1_821' title='bbox 714 5521 885 5585; x_wconf 71' lang='lat' dir='ltr'>providebunt,</span> <span class='ocrx_word' id='word_1_822' title='bbox 903 5525 931 5570; x_wconf 90' lang='lat' dir='ltr'>ut</span> <span class='ocrx_word' id='word_1_823' title='bbox 941 5520 1053 5569; x_wconf 89' lang='lat' dir='ltr'>undecim</span> <span class='ocrx_word' id='word_1_824' title='bbox 1066 5533 1108 5583; x_wconf 84' lang='lat' dir='ltr'>per</span> <span class='ocrx_word' id='word_1_825' title='bbox 1119 5533 1196 5568; x_wconf 76' lang='lat' dir='ltr'>tonos</span> <span class='ocrx_word' id='word_1_826' title='bbox 1212 5520 1239 5568; x_wconf 93' lang='lat' dir='ltr'>li·</span> <span class='ocrx_word' id='word_1_827' title='bbox 1279 5520 1330 5568; x_wconf 92' lang='lat' dir='ltr'>lum</span> <span class='ocrx_word' id='word_1_828' title='bbox 1346 5532 1485 5579; x_wconf 74' lang='lat' dir='ltr'>mosenum,</span> <span class='ocrx_word' id='word_1_829' title='bbox 1497 5532 1586 5583; x_wconf 86' lang='lat' dir='ltr'>cupere</span> <span class='ocrx_word' id='word_1_830' title='bbox 1598 5520 1734 5581; x_wconf 83' lang='lat' dir='ltr'>exereitns;</span> <span class='ocrx_word' id='word_1_831' title='bbox 1745 5530 1825 5583; x_wconf 79' lang='lat' dir='ltr'>neque</span> <span class='ocrx_word' id='word_1_832' title='bbox 1837 5532 1962 5571; x_wconf 73' lang='lat' dir='ltr'>mrum</span> <span class='ocrx_word' id='word_1_833' title='bbox 1973 5522 2048 5570; x_wconf 76' lang='grc' dir='ltr'><strong>αιιιι</strong></span> 
     </span>
     <span class='ocr_line' id='line_1_60' title="bbox 471 5586 2047 5658; baseline -0.004 -12"><span class='ocrx_word' id='word_1_834' title='bbox 471 5596 532 5646; x_wconf 77' lang='lat' dir='ltr'>bens</span> <span class='ocrx_word' id='word_1_835' title='bbox 543 5595 620 5658; x_wconf 75' lang='lat' dir='ltr'>petris</span> <span class='ocrx_word' id='word_1_836' title='bbox 629 5598 728 5644; x_wconf 63' lang='lat' dir='ltr'>wael.</span> <span class='ocrx_word' id='word_1_837' title='bbox 742 5595 798 5643; x_wconf 79' lang='lat' dir='ltr'>ilox</span> <span class='ocrx_word' id='word_1_838' title='bbox 813 5592 893 5655; x_wconf 72' lang='lat' dir='ltr'>putuit</span> <span class='ocrx_word' id='word_1_839' title='bbox 909 5591 981 5642; x_wconf 84' lang='lat' dir='ltr'>breve</span> <span class='ocrx_word' id='word_1_840' title='bbox 990 5590 1124 5641; x_wconf 78' lang='lat' dir='ltr'>confinium</span> <span class='ocrx_word' id='word_1_841' title='bbox 1135 5592 1200 5640; x_wconf 67' lang='lat' dir='ltr'>artis</span> <span class='ocrx_word' id='word_1_842' title='bbox 1214 5595 1239 5640; x_wconf 89' lang='lat' dir='ltr'>et</span> <span class='ocrx_word' id='word_1_843' title='bbox 1279 5591 1406 5650; x_wconf 68' lang='lat' dir='ltr'>Seianum,</span> <span class='ocrx_word' id='word_1_844' title='bbox 1418 5590 1459 5650; x_wconf 85' lang='lat' dir='ltr'>qui</span> <span class='ocrx_word' id='word_1_845' title='bbox 1471 5602 1536 5639; x_wconf 89' lang='lat' dir='ltr'>nune</span> <span class='ocrx_word' id='word_1_846' title='bbox 1546 5590 1685 5654; x_wconf 71' lang='lat' dir='ltr'>potientium</span> <span class='ocrx_word' id='word_1_847' title='bbox 1695 5589 1762 5641; x_wconf 84' lang='lat' dir='ltr'>senis</span> <span class='ocrx_word' id='word_1_848' title='bbox 1771 5594 1797 5641; x_wconf 83' lang='lat' dir='ltr'>et</span> <span class='ocrx_word' id='word_1_849' title='bbox 1811 5589 1945 5655; x_wconf 64' lang='lat' dir='ltr'>semim</span> <span class='ocrx_word' id='word_1_850' title='bbox 1958 5586 2047 5655; x_wconf 63' lang='lat' dir='ltr'>&#39;prud</span> 
     </span>
     <span class='ocr_line' id='line_1_61' title="bbox 473 5659 1486 5727; baseline -0.007 -12"><span class='ocrx_word' id='word_1_851' title='bbox 473 5665 541 5726; x_wconf 70' lang='lat' dir='ltr'>hisi,</span> <span class='ocrx_word' id='word_1_852' title='bbox 560 5662 1237 5727; x_wconf 63' lang='lat' dir='ltr'>reruquequsmobscuxistmenturzmminurbem</span> <span class='ocrx_word' id='word_1_853' title='bbox 1276 5659 1486 5723; x_wconf 76' lang='lat' dir='ltr'>jnxuinsnitet.»</span> 
     </span>
    </p>
   </div>
   <div class='ocr_carea' id='block_1_4' title="bbox 0 0 2382 6609">
    <p class='ocr_par' dir='ltr' id='par_1_4' title="bbox 0 0 2382 6609">
     <span class='ocr_line' id='line_1_62' title="bbox 0 0 2382 6609; baseline 0 0"><span class='ocrx_word' id='word_1_854' title='bbox 0 0 2382 6609; x_wconf 95' lang='lat' dir='ltr'> </span> 
     </span>
    </p>
   </div>
  </div>
 </body>
</html>
