4734 6609
400 733 458 785 tat
1106 720 1261 783 Tamtu

399 857 563 917 treserviee
572 856 590 914 d
600 871 640 913 un
649 851 765 913 homme
774 851 880 929 charge
886 852 993 912 detaut
1003 867 1040 912 us
1046 855 1165 927 crimes,
1208 868 1247 912 on
1257 851 1403 914 l’enierme
1414 853 1489 916 dans
1500 871 1560 917 une
1574 854 1738 935 chambre,
1753 856 1787 919 la
1802 858 1971 945 madanti,

398 950 430 1004 et
445 945 466 1003 il
481 942 600 1002 marcha
616 958 653 1001 au
669 943 805 1017 supplice.
822 940 876 1000 Les
893 948 989 1000 autres
1001 942 1167 999 centurionis
1207 948 1326 1017 trouve,
1338 958 1376 1007 on
1387 942 1429 1001 lui
1440 959 1532 1019 coupe
1549 945 1591 1004 ies
1601 948 1722 1021 vcinam
1739 946 1763 1005 ll
1780 952 1828 1005 ast
1841 954 1919 1023 purte
1930 968 1971 1013 n·

399 1032 568 1093 souiirirent
577 1031 655 1090 ausd
666 1030 695 1088 la
705 1035 781 1087 mort
793 1026 1166 1103 sansialhlesse3maisl'd·
1208 1028 1970 1113 conptemdevismnninpiongedansiuansina,

399 1116 970 1194 niusn'eutpnslememeeourage,etil
982 1114 1167 1191 portasesla·
1208 1115 1970 1195 sansamirproiers'unmotdeplatntcsuraonsort

399 1211 575 1267 mentations
591 1209 697 1281 iusque
716 1204 790 1262 dans
810 1219 862 1263 son
884 1209 1045 1262 meminent.
1069 1201 1166 1261 neon
1208 1202 1254 1262 On
1271 1207 1367 1279 avait,
1380 1205 1507 1280 pendant
1522 1206 1726 1282 campa-ld,
1744 1206 1849 1267 Mune
1860 1208 1971 1289 dapar·

399 1294 565 1355 s’attendait
576 1293 664 1369 qu'on
673 1293 867 1367 impiiquerait
877 1294 954 1350 aussi
965 1291 1038 1349 dans
1048 1290 1077 1349 la
1087 1305 1167 1348 cons·
1207 1288 1258 1349 des
1268 1292 1287 1349 d
1296 1296 1363 1351 tous
1376 1291 1418 1349 les
1428 1294 1579 1367 connives,
1588 1300 1619 1351 et
1634 1310 1674 1352 on
1688 1308 1729 1353 ne
1744 1293 1792 1353 lea
1806 1294 1971 1373 reltalrapa

399 1385 523 1459 piration
533 1383 559 1440 le
568 1381 667 1441 consul
680 1380 828 1453 Vestinus,
841 1381 909 1455 qu'il
922 1380 1093 1438 oonnaiamit
1103 1381 1165 1436 vie
1207 1376 1274 1435 bien
1284 1383 1373 1437 avant
1386 1378 1492 1438 dansla
1501 1382 1578 1455 uruit,
1587 1380 1674 1457 apres
1682 1396 1745 1456 que
1754 1379 1872 1457 Neron,
1882 1386 1971 1459 quisi

399 1470 495 1529 lentet
505 1485 556 1527 son
564 1469 677 1526 ennemi
685 1465 1068 1542 mortc13maislesconjures
1076 1467 1167 1525 nel'a·
1207 1463 1969 1542 mtssgurtuirayenrdecesmaiirenrenxattarirri

397 1555 695 1631 ualenipointassocie
705 1554 806 1612 aleurs
817 1557 935 1629 projcts:
947 1552 1164 1629 quelques-uns,
1208 1551 1235 1609 la
1251 1560 1327 1610 mort
1337 1569 1374 1611 au
1388 1554 1518 1612 sortirde
1527 1555 1621 1630 table,
1634 1562 1665 1614 et
1675 1556 1732 1631 qui
1742 1557 1810 1615 s’en
1822 1557 1893 1615 etna
1902 1556 1970 1619 in

398 1643 612 1719 parcequ’ilsle
621 1641 886 1716 haissaientdepuis
899 1641 1167 1715 iongtemps3beau-
1208 1653 1282 1713 caup
1294 1640 1410 1714 amase,
1425 1646 1475 1698 eut
1490 1641 1535 1699 dit
1544 1644 1631 1718 qu’lls
1647 1645 1776 1703 avaient
1795 1642 1969 1707 achlin

398 1746 491 1805 ceup,
503 1746 588 1805 parce
599 1730 685 1805 qu'ils
695 1730 736 1788 lui
742 1730 891 1805 croynient
899 1743 940 1785 un
948 1728 1091 1787 caractere
1102 1728 1165 1788 iou·
1207 1725 1275 1785 eber
1289 1726 1440 1786 l’honneur
1450 1727 1487 1787 de
1499 1730 1662 1789 diueravec
1678 1746 1725 1789 un
1735 1730 1855 1789 consul.

399 1832 495 1893 meur
512 1823 541 1875 et
557 1817 730 1876 introitabln
748 1815 790 1875 La
807 1816 893 1874 haine
904 1815 942 1873 de
955 1814 1051 1873 Ne‘ron
1068 1823 1166 1875 conus
1247 1814 1337 1874 Lxx.
1353 1816 1378 1875 ll
1393 1816 1523 1876 ordonna
1539 1821 1651 1877 ensuite
1666 1818 1698 1877 la
1718 1824 1802 1877 mort
1812 1817 1853 1877 de
1866 1818 1967 1879 Μ

398 1903 536 1963 Vestinus
551 1906 630 1964 avait
643 1904 808 1963 commonet
821 1904 895 1962 dans
908 1903 934 1960 le
947 1907 1040 1977 temps
1054 1902 1091 1962 de
1104 1905 1167 1963 leur
1207 1898 1347 1978 Calui-ci,
1358 1902 1512 1962 observant
1521 1905 1607 1979 qu’en
1619 1904 1751 1979 perdant
1765 1920 1825 1965 sou
1837 1920 1925 1981 sang,
1938 1906 1969 1967 b

398 1990 1167 2067 plusintirnelinison,oirVestlnusconnutpleinement
1207 1988 1288 2063 pleds
1315 1996 1344 2048 et
1364 1991 1405 2049 les
1426 1993 1521 2049 mains
1540 2006 1571 2049 se
1595 1989 1837 2051 reiroldissalent
1864 1994 1905 2053 lea
1919 2009 1968 2069 pas·

398 2076 428 2136 la
445 2077 619 2138 bassemede
635 2077 745 2153 Neron,
768 2078 837 2154 qu‘il
854 2078 993 2153 mdprisa,
1010 2083 1040 2135 et
1052 2078 1164 2155 Ne'ron,
1207 2077 1310 2149 mlers,
1327 2083 1357 2134 et
1376 2092 1432 2151 que
1449 2077 1490 2134 les
1510 2078 1613 2152 asprita
1632 2080 1800 2151 quittaient
1820 2080 1969 2139 insania

399 2164 1166 2242 i·audacedevestinus,qu’iicraignit,ayantessuye
1207 2162 1969 2239 mentiesextrtmitis,tantuqueiecoeurcnntinut

398 2259 521 2313 souveut
530 2253 829 2328 decesplaisanteries
840 2252 1004 2310 mordentes
1015 2255 1082 2327 qui,
1096 2255 1165 2313 lors-
1207 2250 1243 2307 de
1259 2250 1352 2309 battrc
1371 2257 1401 2309 et
1422 2252 1459 2310 de
1475 2268 1587 2328 penser,
1606 2268 1638 2310 se
1662 2254 1789 2327 rappela
1810 2270 1855 2313 un
1871 2270 1969 2331 μιῃ

398 2340 517 2417 qu'elles
527 2345 578 2399 orit
588 2357 629 2398 un
641 2340 733 2416 grand
742 2339 826 2403 fonds
835 2340 872 2399 de
882 2339 985 2416 verite,
998 2341 1115 2399 luissent
1125 2358 1164 2400 un
1207 2337 1969 2415 odilaunitdicrit,dansunsoldatblesad,uusmt

397 2424 1163 2503 vilressouvenir.lls'yetnitjointungrieitoutre'cent
1206 2425 1377 2500 semblable,
1393 2433 1422 2485 et
1438 2442 1469 2485 se
1486 2428 1540 2484 mit
1559 2426 1577 2485 d
1594 2442 1631 2484 en
1642 2426 1770 2499 reciter,
1782 2428 1829 2487 les
1847 2444 1968 2489 tarazas

397 2513 534 2573 Vestinus
545 2516 642 2572 venuit
652 2514 802 2589 d’epouser
817 2513 944 2588 Statilia,
960 2516 1099 2591 quoiqu'll
1111 2515 1164 2574 n'i·
1206 2510 1356 2571 iurentses
1366 2513 1510 2572 dernldrcs
1520 2514 1640 2588 paroles.
1652 2514 1825 2590 senecion,
1839 2516 1970 2587 OM

398 2604 501 2680 gnortt
512 2617 563 2676 pas
576 2617 632 2676 que
643 2599 810 2676 l'empereur
824 2600 870 2660 tit
882 2618 923 2660 un
936 2602 1028 2660 deses
1041 2610 1162 2662 amanis.
1206 2615 1262 2658 uus
1279 2606 1309 2658 et
1323 2598 1462 2659 Sedvinm
1475 2607 1643 2659 rnoumrent
1654 2602 1764 2677 apres,
1786 2603 1892 2661 mictu
1900 2602 1970 2679 qu’ta

438 2688 542 2748 LXIX.
555 2688 673 2747 Comme
689 2689 710 2747 il
724 2705 761 2747 ne
773 2692 872 2765 voyait
889 2690 964 2748 donc
984 2691 1016 2748 ui
1026 2690 1097 2748 delii
1109 2732 1119 2763 ,
1133 2693 1164 2749 ni
1205 2700 1243 2744 ne
1262 2684 1331 2744 l’eiit
1346 2687 1466 2746 uttcndu
1476 2687 1513 2745 de
1529 2688 1557 2745 la
1567 2688 1698 2746 mollesse
1709 2688 1753 2747 de
1765 2680 1835 2747 leur
1851 2692 1973 2767 siem

397 2782 576 2849 accusamur,
587 2775 658 2850 qu’il
669 2791 705 2833 ne
716 2777 874 2850 pouvmtse
884 2779 1001 2833 couvrir
1011 2775 1048 2834 dc
1058 2775 1164 2836 formes
1205 2770 1233 2829 le
1244 2784 1318 2831 reste
1336 2772 1387 2832 des
1401 2774 1549 2849 oculares,
1566 2788 1633 2833 sans
1645 2774 1721 2834 faire
1741 2778 1777 2834 ni
1792 2776 1862 2835 dire
1878 2776 1975 2837 abab

393 2862 574 2939 judiciairas,
584 2861 696 2936 Neron,
711 2868 862 2921 reeourant
872 2878 931 2919 aux
942 2868 1165 2938 moyenstyran·
1206 2859 1391 2919 memorabis.

395 2952 514 3026 niques,
536 2949 658 3007 dctaehe
675 2950 702 3008 le
722 2950 821 3008 tribun
841 2948 1000 3009 Gerelanus
1019 2965 1088 3008 avec
1107 2965 1164 3009 une
1245 2946 1350 3006 Lxxi.
1366 2946 1475 3007 Taudis
1492 2963 1549 3023 que
1564 2947 1605 3006 les
1623 2946 1804 3009 luadrnlllea
1825 2952 1976 3011 a’aoeum·

394 3036 562 3096 cohonede
577 3036 703 3111 soldats,
720 3043 749 3095 et
763 3035 1055 3095 lutordonued'aller
1068 3036 1164 3112 preve·
1206 3033 1294 3092 lolent
1319 3034 1393 3094 dans
1415 3034 1533 3109 Rome,
1554 3034 1581 3094 lc
1606 3034 1740 3111 capitote
1764 3041 1934 3117 repurgauit
1948 3038 1979 3097 de

395 3122 682 3182 nirlesdemeinsdu
694 3124 810 3198 constal,
822 3138 945 3197 occuper
956 3122 1162 3198 saioneresse,
1205 3122 1346 3181 victimea
1364 3121 1439 3181 L'un
1452 3123 1532 3182 avait
1548 3122 1639 3197 perdu
1660 3138 1702 3182 un
1719 3123 1793 3199 ills,
1822 3126 1928 3187 l'antrs
1945 3142 1978 3185 aa

395 3209 569 3287 surprcndre
584 3225 616 3269 sa
627 3210 730 3268 milies.
743 3209 768 3268 ll
779 3210 921 3285 designati
930 3212 1003 3268 ainsi
1015 3212 1043 3269 ia
1053 3213 1163 3270 maison
1205 3206 1298 3283 acre,
1310 3225 1351 3268 un
1365 3216 1485 3285 parent,
1497 3225 1538 3268 un
1550 3210 1627 3282 ami;
1644 3214 1676 3267 et
1693 3214 1771 3270 tous
1788 3214 1979 3273 machi!

395 3298 598 3372 (tevestinus,
610 3297 872 3372 quidominaitsur
883 3298 909 3356 le
922 3297 1035 3371 iorum,
1050 3304 1163 3357 etcette
1206 3295 1247 3355 les
1264 3295 1368 3372 dieux,
1389 3299 1521 3356 omaient
1539 3297 1577 3355 de
1591 3297 1711 3355 taurim
1736 3297 1825 3358 leurs
1844 3302 1978 3373 maison,

395 3390 498 3458 troupe
513 3384 550 3443 de
565 3384 659 3442 beanx
680 3385 823 3458 wieres,
839 3389 905 3442 tous
920 3383 959 3442 du
981 3383 1075 3442 meme
1091 3384 1162 3460 age,
1205 3381 1364 3440 tambaient
1376 3398 1434 3441 aux
1444 3398 1557 3459 genoux
1574 3382 1615 3441 du
1627 3384 1747 3458 prinae,
1762 3384 1980 3463 iatiguama

395 3470 1051 3545 qu'iientretennlt.Vestinusnvait,cejour-ld,
1061 3473 1163 3547 rempll
1206 3471 1285 3527 main
1295 3469 1465 3544 debaisers;
1481 3476 1529 3544 et,
1542 3470 1601 3544 lui,
1615 3473 1731 3544 prenait
1747 3472 1980 3549 eeiapourdeh

394 3561 492 3614 tontes
505 3556 546 3613 les
562 3555 705 3614 tenedons
719 3556 756 3615 de
776 3559 890 3633 consul,
908 3565 936 3616 et
954 3559 973 3616 il
986 3558 1106 3617 donnait
1121 3575 1163 3618 un
1200 3558 1270 3631 joie.
1283 3556 1307 3615 ll
1321 3557 1523 3631 recompensa,
1536 3574 1588 3632 par
1602 3557 1773 3632 i’impunite
1785 3603 1797 3633 ,
1810 3561 1980 3637 i'cmprn

395 3642 488 3718 mand
502 3658 600 3717 repas,
612 3640 742 3717 soitqu’il
757 3660 793 3701 ne
801 3645 924 3719 croignlt
938 3647 998 3702 rien
1009 3688 1017 3718 ,
1030 3648 1085 3703 soit
1090 3662 1162 3719 pour
1206 3650 1285 3701 ment
1300 3643 1336 3702 de
1348 3644 1458 3703 Natalis
1468 3651 1498 3702 et
1511 3643 1547 3702 de
1564 3643 1717 3704 Carnarius
1739 3647 1761 3704 d
1784 3648 1906 3707 reveler
1917 3649 1981 3707 isin

394 3731 498 3789 cachcr
509 3746 541 3788 sa
559 3733 678 3789 crointe.
693 3731 799 3790 Teuta
814 3748 888 3805 coup
909 3733 949 3790 les
960 3733 1070 3790 soldats
1085 3735 1162 3790 vien·
1205 3734 1377 3806 complices:
1392 3733 1523 3807 ltliiicus,
1536 3734 1647 3791 comble
1663 3733 1700 3792 dc
1711 3735 1826 3811 biens,
1842 3755 1876 3797 se
1886 3738 1982 3798 denam

394 3825 465 3876 nent
477 3821 516 3876 lui
527 3834 672 3875 annoucer
681 3834 737 3892 que
748 3819 774 3875 le
785 3818 884 3876 tribon
896 3820 922 3875 le
933 3819 1082 3876 demands.
1096 3817 1162 3876 Sur·
1204 3818 1275 3877 d'un
1286 3835 1354 3878 nom
1364 3836 1447 3895 gree,
1460 3822 1510 3893 qui
1524 3821 1635 3895 signilre
1652 3820 1807 3882 Soaeeur.
1829 3826 1932 3885 Parml
1949 3828 1983 3885 is

394 3905 540 3979 lechamp
550 3905 570 3961 il
582 3921 612 3962 se
629 3905 707 3979 leve,
720 3911 749 3961 et
765 3911 828 3962 tout
846 3905 989 3978 s’expcdie
1005 3907 1023 3963 a
1041 3907 1067 3963 la
1078 3905 1134 3964 tois
1151 3924 1159 3965 :
1203 3907 1335 3982 tribuna,
1348 3906 1631 3985 Silvanus,qu0ique
1646 3908 1778 3987 ubsous,
1792 3928 1827 3971 se
1837 3920 1893 3973 tua
1907 3914 1944 3973 de
1956 3930 1983 3973 sa

790 4087 803 4111 Ι

392 4138 476 4189 subiit
494 4141 543 4189 ltec
560 4136 632 4186 ceteri
649 4137 800 4187 centuriones
817 4137 843 4186 in
859 4136 1019 4200 perpetiendis
1037 4137 1163 4201 suppliciis
1204 4137 1262 4187 nihil
1275 4143 1399 4200 manens,
1410 4153 1441 4190 an
1451 4139 1625 4190 dissimulando
1637 4145 1719 4202 meiu;
1728 4156 1816 4205 quum
1828 4145 1933 4207 ingresi
1941 4144 1980 4195 rai·

392 4210 575 4271 degeneravere.
589 4210 621 4257 At
632 4220 679 4255 non
689 4207 762 4257 Fenio
773 4207 835 4256 liuto
847 4221 890 4270 par
900 4208 1010 4268 animus,
1020 4207 1063 4257 sed
1074 4209 1162 4257 husen
1204 4208 1259 4258 lites
1274 4210 1355 4258 vocari
1371 4222 1427 4259 eum
1439 4208 1559 4258 atritione
1572 4209 1662 4258 dixero
1677 4209 1735 4270 lile,
1751 4213 1820 4263 nihii
1831 4214 1978 4276 amman,

392 4279 496 4328 mtiones
507 4290 564 4326 suas
571 4277 643 4325 etiam
651 4277 675 4324 in
687 4282 857 4326 testamentum
867 4277 977 4326 eontulit.
988 4278 1163 4340 opperiebatur
1204 4278 1310 4339 exsurgit
1317 4295 1324 4338 3
1332 4282 1357 4327 et
1366 4278 1447 4327 omnia
1454 4278 1525 4327 simul
1535 4282 1693 4342 properantur
1702 4295 1710 4328 :
1719 4280 1852 4333 clauditur
1860 4284 1976 4343 anblubt

392 4350 456 4401 itero
475 4349 502 4395 ut
517 4347 633 4395 Vestinus
650 4359 746 4408 quoque
766 4345 849 4395 consul
868 4346 892 4395 in
910 4347 1001 4396 crimen
1019 4347 1161 4407 ualmrctnn
1204 4352 1291 4410 prmsto
1307 4353 1344 4396 esi
1362 4348 1484 4407 mediore,
1500 4348 1673 4397 absoindnntur
1693 4361 1783 4412 venas3
1802 4354 1891 4415 vigans
1906 4354 1975 4403 aritae

391 4418 524 4469 violentum
542 4421 566 4465 et
582 4416 702 4466 intensum
719 4419 799 4477 ratus;
812 4415 855 4466 sed
873 4431 903 4466 ex
923 4417 1052 4478 conjuratis
1063 4417 1161 4466 consilia
1203 4416 1289 4466 balneo
1304 4417 1414 4477 interior,
1430 4416 1507 4466 calida
1524 4430 1586 4479 aqua
1601 4423 1737 4479 mercatum
1757 4421 1833 4470 nulla
1843 4422 1911 4472 edita
1925 4434 1976 4470 m

391 4502 450 4540 eum
471 4486 572 4537 Vestino
589 4499 637 4535 non
654 4486 810 4546 miscuerant,
829 4486 927 4548 quidam
945 4488 1047 4536 vetustis
1063 4487 1086 4535 in
1105 4500 1161 4535 curn
1203 4501 1251 4549 qua
1263 4494 1339 4537 semet
1354 4489 1515 4537 miseraretur.
1529 4486 1675 4537 circumdati
1692 4488 1796 4540 interim
1813 4490 1975 4555 eusindiaqai

391 4556 662 4619 simultatibus‚plurcs
671 4555 728 4617 qula
739 4557 888 4617 precipitem
899 4562 924 4606 ei
935 4557 1099 4606 insociabilem
1110 4570 1160 4605 cre·
1203 4558 1274 4607 amul
1294 4558 1478 4618 discubuerant,
1498 4570 1556 4617 nec,
1577 4558 1622 4605 nisi
1643 4562 1759 4619 provecta
1786 4567 1876 4621 noeta,
1897 4560 1973 4612 «masi

391 4630 490 4681 debant.
506 4630 620 4676 ceterum
639 4625 741 4676 licronis
757 4625 840 4674 odium
855 4625 971 4674 adversus
987 4628 1114 4676 Vestinum
1130 4639 1159 4675 ex
1203 4632 1273 4688 sunt,
1284 4633 1411 4691 postquam
1421 4640 1533 4690 pavorem
1544 4641 1643 4687 eorum,
1654 4641 1683 4676 ex
1693 4641 1782 4678 mensa
1792 4632 1973 4695 exitiumopps·

391 4703 475 4753 intima
495 4698 619 4749 sodalitate
636 4702 755 4759 coepcrat,
771 4696 830 4745 dum
849 4697 888 4745 liic
908 4697 1026 4755 ignaviam
1047 4698 1160 4760 principis
1202 4698 1330 4757 rientium,
1350 4702 1374 4747 et
1387 4698 1530 4755 imaginatus
1546 4700 1571 4745 ct
1590 4697 1690 4746 irrideus
1706 4700 1771 4748 Nero
1789 4703 1856 4752 satis
1871 4700 1973 4766 supplicii

391 4773 489 4837 penitus
510 4769 630 4830 cognitam
651 4768 767 4829 despicit,
786 4766 826 4816 iile
844 4768 955 4815 ieros-iam
972 4768 1042 4815 antici
1061 4768 1159 4826 metuit,
1202 4767 1275 4817 luisse
1285 4768 1373 4831 aitpro
1381 4766 1642 4829 epulisconsularihna.

391 4856 456 4905 steps
468 4840 559 4902 asperia
578 4838 670 4887 lacetiis
688 4837 788 4896 illusus;
799 4850 870 4898 quae,
888 4838 928 4885 uiri
946 4838 1049 4885 multum
1061 4850 1090 4885 ex
1104 4851 1161 4885 iero
1233 4839 1305 4885 ixx.
1323 4837 1382 4885 Exin
1395 4839 1428 4885 ii.
1441 4837 1525 4885 Annmi
1537 4836 1625 4886 Lucani
1635 4834 1730 4885 cedem
1744 4836 1862 4901 imponi
1872 4844 1913 4902 is,
1924 4853 1972 4904 prn-

391 4915 502 4971 traxere,
521 4922 602 4958 acrem
627 4907 665 4957 sul
686 4906 826 4955 memoriam
849 4905 995 4968 relinquunt.
1020 4910 1161 4955 Accesserat
1201 4906 1290 4954 tinente
1301 4906 1428 4967 sunguine,
1439 4906 1481 4955 ubi
1494 4905 1618 4967 frigescere
1630 4905 1703 4968 pedes
1714 4919 1872 4973 mnusque,
1883 4909 1972 4974 ειμι

391 4991 479 5040 repens
491 4991 579 5037 causa,
593 4977 658 5040 quod
674 4975 790 5025 Vesturus
803 4976 920 5025 Statiliam
937 4976 1098 5025 llessalliuam
1112 4989 1160 5024 ma·
1202 4976 1268 5024 latini
1278 4976 1310 5025 ab
1319 4977 1433 5026 extremis
1444 4975 1528 5025 eadere
1544 4976 1668 5039 spiritum,
1680 4975 1776 5026 fervido
1786 4979 1972 5031 &baedeom-

393 5047 504 5096 trimonio
514 5045 691 5108 sibijunxerat,
701 5044 1160 5108 lraudnssciusinteradulterosejuset
1202 5050 1257 5106 pote
1271 5045 1359 5094 mentis
1377 5049 1484 5108 pectore,
1500 5045 1622 5107 intelligit,
1638 5045 1781 5096 reeordatus
1800 5062 1903 5100 carmen
1921 5060 1971 5098 aar

391 5118 513 5166 mwem
524 5128 586 5166 esse.
1201 5114 1375 5177 compositum,
1400 5129 1448 5177 quo
1470 5115 1623 5164 vulneratum
1642 5114 1761 5178 militem,
1786 5131 1835 5180 per
1859 5118 1970 5183 quamdi

424 5188 506 5235 Lllilt.
524 5186 599 5247 igitur
615 5200 663 5235 non
674 5185 788 5247 erimine,
800 5199 849 5234 non
862 5191 1002 5235 accusatore
1013 5184 1159 5242 exsistente.
1202 5185 1285 5234 mortis
1294 5185 1531 5247 imaginem,0hiisse
1543 5184 1687 5244 tradiderat,
1698 5198 1790 5237 rusus
1798 5188 1872 5253 ipsos
1881 5189 1968 5247 ratudu

392 5257 450 5318 quia
460 5256 563 5318 speciem
574 5255 662 5316 iudicis
678 5255 776 5305 iuduere
791 5268 840 5305 non
858 5259 967 5318 murat,
979 5255 1009 5304 ad
1026 5255 1075 5303 rim
1087 5254 1160 5303 donii-
1201 5268 1277 5318 eaque
1284 5255 1317 5304 ilii
1327 5268 1438 5318 suprema
1445 5267 1491 5303 vox
1500 5255 1552 5304 tuit.
1562 5254 1660 5305 seneen
1669 5256 1806 5319 postliaect
1814 5260 1969 5318 Quinctianae

394 5327 496 5376 nationis
518 5340 661 5385 conversus,
681 5328 826 5377 Gereianum
846 5326 968 5374 tribunum
986 5338 1042 5374 eum
1063 5326 1160 5374 colrorie
1201 5329 1226 5374 et
1243 5323 1377 5384 soerinm,
1397 5337 1445 5373 non
1460 5338 1490 5373 ex
1505 5324 1582 5387 priore
1600 5324 1658 5374 rita)
1675 5324 1794 5387 mollitia,
1814 5341 1877 5379 tuna
1892 5327 1968 5392 reliqui

394 5397 497 5444 rnilitum
511 5397 631 5454 immittit,
642 5397 757 5458 jubetque
768 5418 779 5439 a
792 5396 923 5459 praesilire
930 5402 1030 5443 conatus
1040 5395 1158 5454 consulis,
1202 5394 1378 5454 conjuratorum
1391 5395 1494 5456 periers,
1504 5394 1570 5443 nulio
1582 5393 1645 5442 iacto
1653 5392 1752 5445 dictove
1761 5398 1930 5449 nannents.

395 5479 508 5527 extirpare
526 5466 591 5513 uelut
610 5479 689 5513 urcem
709 5467 774 5525 ejus,
800 5466 933 5528 opprimere
946 5464 1062 5514 delectam
1076 5465 1159 5526 juscu-
1233 5466 1316 5512 Lxxl.
1334 5464 1380 5513 Sed
1397 5464 1511 5526 compleri
1532 5463 1626 5512 interim
1644 5463 1702 5513 urbs
1718 5464 1866 5527 lunaribus,
1880 5468 1967 5531 causta

395 5540 470 5583 trrtcm
489 5554 499 5575 o
524 5549 529 5581 :
549 5535 605 5594 «prin
623 5536 735 5584 Vestinus
754 5537 904 5584 imminentes
927 5534 981 5585 toro
1007 5535 1073 5583 mdes
1090 5571 1097 5595 ‚
1119 5535 1159 5583 de·
1202 5533 1259 5582 lium
1272 5534 1539 5592 victimiszaiiusiiiio,
1551 5534 1622 5582 tratre
1632 5532 1967 5601 alius,autprnpinqun,aui

394 5618 495 5665 ceraque
514 5604 609 5652 seruitia
621 5611 645 5654 ci
664 5605 714 5667 peri
733 5612 818 5663 sumto,
839 5605 949 5653 lambat.
970 5607 1063 5654 Curicta
1080 5605 1159 5655 codic
1201 5603 1278 5652 amieo
1291 5604 1423 5653 interiectis
1429 5616 1516 5665 ,agere
1525 5608 1602 5664 grates
1609 5602 1966 5666 deismrnareiaurudarnn,

395 5674 476 5722 muuia
494 5672 600 5722 consulis
622 5675 778 5737 impleuerat,
802 5674 986 5738 consiliumque
1009 5674 1159 5738 celebrabat,
1174 5642 1179 5723 l
1200 5686 1277 5737 genua
1291 5673 1368 5737 ipsius
1379 5674 1489 5736 advolvi,
1500 5677 1525 5724 et
1540 5673 1650 5726 dextram
1664 5674 1757 5727 osculis
1771 5676 1882 5742 mtigare.
1895 5680 1965 5741 atqu
