4734 6609
426 737 483 791 216
1134 728 1282 789 Tacita.

424 860 543 919 Cinnas
553 858 661 930 liuius,
676 858 947 931 nommee'ioqucnt,
958 857 1052 916 babile
1062 856 1183 916 dansies
1227 858 1294 931 pire
1308 858 1387 915 avait
1400 855 1446 915 ete
1465 873 1584 917 censear
1601 864 1630 918 et
1646 860 1726 919 trois
1743 858 1805 919 fois
1822 862 1918 921 oonml
1933 880 1941 921 :
1954 876 1980 925 ts

423 953 483 1005 nris
492 948 527 1004 de
538 948 563 1003 la
574 950 650 1020 patr,
661 948 731 1003 mais
740 961 806 1002 sans
815 944 980 1017 experience
989 946 1025 1002 de
1035 946 1062 1002 la
1071 960 1181 1019 guerre.
1225 944 1311 1016 qu’oa
1319 945 1429 1017 lugealt
1441 946 1555 1003 unane
1564 945 1706 1004 sallisant
1716 962 1796 1021 pour
1809 948 1837 1005 le
1853 948 1908 1007 ills.
1918 948 1980 1011 bees

422 1035 477 1094 Les
488 1034 606 1107 Gaulos,
618 1050 684 1091 sans
694 1039 820 1105 comptor
832 1034 893 1090 leur
904 1032 1096 1091 attachement
1109 1048 1182 1105 pour
1224 1030 1338 1087 l’arme'e
1348 1030 1385 1087 de
1394 1030 1534 1107 Bretogne
1544 1032 1610 1091 auls
1618 1039 1846 1093 mouveraenis
1857 1033 1897 1093 cs
1905 1035 1982 1099 iurent

422 1119 1179 1194 lamemoircdeVindex,etaientderouiesdGalba,
1223 1132 1291 1175 sans
1299 1116 1443 1175 contradit
1451 1118 1491 1175 les
1501 1118 1609 1193 legions
1617 1118 1982 1192 qui,pendanttattteettit

419 1212 469 1281 qui
485 1210 579 1265 venuit
595 1206 759 1263 d'aceorder
772 1222 829 1263 aux
843 1205 959 1264 Gaulois
973 1208 998 1264 ie
1011 1210 1078 1264 titre
1091 1208 1127 1265 de
1141 1209 1180 1264 ei·
1194 1221 1196 1225 ·
1222 1203 1424 1261 fermentarios
1434 1203 1484 1262 des
1494 1220 1611 1279 guerres
1619 1205 1744 1281 aniles,
1757 1222 1793 1265 se
1802 1208 1982 1268 mmmm

419 1303 521 1369 toyens
537 1296 678 1363 romolus,
697 1299 725 1350 ei
742 1294 941 1367 l’exemption,
960 1296 977 1352 a
998 1295 1131 1367 l’avcntr,
1144 1294 1180 1352 de
1222 1291 1248 1347 le
1260 1291 1323 1362 plus
1334 1290 1572 1366 irreprocbablas,
1587 1294 1678 1351 soitd
1694 1308 1790 1351 cause
1803 1292 1843 1351 de
1859 1294 1979 1355 lantbi-

419 1387 482 1439 tout
495 1381 594 1439 tribut.
608 1382 632 1437 ll
644 1380 705 1437 taut
718 1386 853 1454 pourtant
868 1396 904 1437 en
917 1388 1047 1454 exceptet
1060 1382 1100 1439 les
1110 1382 1180 1439 cites
1223 1386 1357 1452 gaement
1373 1387 1402 1437 et
1415 1380 1451 1437 de
1467 1380 1582 1438 l'0cean
1602 1384 1655 1454 qui
1681 1382 1727 1439 les
1742 1380 1892 1456 separmt,
1908 1386 1979 1443 atti

419 1467 458 1523 les
470 1468 533 1541 plus
547 1468 668 1524 voisincs
679 1466 730 1523 des
741 1466 849 1523 armies
860 1467 897 1524 de
907 1467 1058 1524 Germanic
1069 1475 1098 1525 et
1111 1471 1178 1542 qui,
1221 1480 1304 1522 cause
1317 1465 1368 1522 des
1377 1466 1538 1539 irdtluentes
1548 1466 1739 1541 expeditioris
1754 1470 1811 1542 qui
1824 1468 1887 1527 leur
1897 1484 1978 1545 sparo

417 1557 510 1611 moins
529 1554 595 1611 bien
615 1554 741 1625 italides,
763 1554 994 1628 quelques-unes
1015 1556 1106 1613 meme
1127 1554 1177 1613 de·
1220 1557 1317 1612 naient
1330 1557 1348 1612 a
1362 1573 1398 1613 ne
1410 1558 1537 1631 hairque
1550 1559 1699 1617 l'enneml.
1713 1558 1977 1637 L’tbsrtce'tsttat

416 1638 551 1711 pouttttes
569 1639 605 1696 do
623 1640 684 1696 leur
700 1640 856 1710 territotre,
875 1643 1089 1714 envisageaient
1105 1656 1177 1699 avec
1219 1641 1290 1697 sible
1303 1645 1395 1715 aussi,
1411 1645 1535 1717 quoique
1549 1650 1692 1717 poariam
1712 1645 1758 1703 les
1777 1646 1894 1722 legions
1910 1650 1976 1721 qa'rs

416 1742 473 1783 true
486 1727 564 1801 egale
574 1726 693 1784 douicur
706 1727 745 1784 ies
756 1728 909 1801 privileges
924 1728 1050 1785 d’autrut
1062 1734 1090 1784 et
1103 1729 1176 1787 leurs
1219 1730 1297 1785 avait
1310 1728 1396 1787 tirees
1407 1729 1501 1787 Neron
1513 1737 1643 1805 eussent,
1663 1731 1806 1805 pendant
1826 1734 1890 1791 leur
1901 1738 1976 1810 ιηἰιι

416 1828 532 1886 propres
540 1814 655 1885 injures.
667 1813 721 1870 Les
731 1813 839 1887 legions
848 1813 884 1870 de
894 1813 1176 1886 Germanie,avaient
1218 1829 1255 1869 cn
1269 1814 1366 1890 ltalia,
1386 1816 1497 1891 envoyai
1513 1832 1569 1875 uae
1587 1816 1810 1891 deputationa
1831 1820 1972 1895 Verginia

414 1900 451 1955 do
461 1899 644 1973 i’inquietude
655 1906 683 1956 et
695 1900 731 1957 de
742 1900 769 1956 la
781 1900 891 1973 coiere,
905 1900 1087 1974 dispositions
1101 1900 1174 1958 dau-
1219 1900 1296 1959 blais
1319 1918 1366 1959 ces
1383 1908 1515 1976 troupes,
1537 1918 1569 1960 se
1587 1909 1735 1963 trouvent
1752 1906 1863 1965 isolees
1878 1914 1907 1967 et
1920 1908 1975 1968 ida

415 2001 545 2060 gerauses
560 2000 629 2042 avec
641 1984 676 2041 de
690 1987 714 2041 si
730 1985 854 2059 grandes
864 1984 958 2043 forces
971 2004 978 2043 :
992 1988 1059 2044 elles
1070 1989 1175 2046 etatem
1219 1989 1341 2061 grandes
1351 1988 1504 2061 distances,
1516 1991 1654 2064 potitique
1664 1992 1818 2069 tres-sege
1828 1998 1974 2069 pamm

414 2072 609 2147 enorgueilltes
616 2071 651 2128 de
662 2072 722 2128 leur
732 2074 848 2129 victoira
856 2072 1023 2145 recente,et
1036 2075 1174 2133 alarmdes
1217 2076 1292 2131 tenir
1304 2076 1330 2133 la
1341 2074 1448 2133 iiddiite'
1462 2076 1502 2133 du
1511 2076 1621 2151 soldat,
1634 2093 1673 2135 ne
1685 2082 1856 2153 pouvalem
1865 2083 1898 2139 nl
1908 2084 1974 2143 aida

414 2158 1174 2233 d'avolrparufavoriserunautrepartl.Ellasavaieni
1217 2162 1732 2223 leursvieesniriunirleutsl'orces.
1998 2238 2001 2243 Ι

413 2245 495 2303 tarde
507 2247 525 2303 a
535 2261 565 2303 se
577 2244 711 2302 detaeber
722 2245 758 2302 de
772 2244 883 2317 Neron,
896 2253 924 2302 ot
936 2246 1087 2321 Verginius
1100 2250 1172 2307 are·
1254 2248 1291 2306 X.
1311 2249 1444 2306 L⁴0rient
1457 2264 1494 2305 ne
1507 2253 1630 2308 romualt
1640 2255 1730 2325 point
1741 2268 1864 2313 entare.
1879 2254 1969 2317 tinas

410 2333 558 2390 ronnaitre
574 2330 666 2389 Galba
679 2348 686 2388 :
698 2332 717 2388 ii
728 2332 797 2388 etati
807 2332 932 2389 douteux
945 2334 988 2392 s'il
1001 2333 1109 2393 u'avait
1121 2352 1171 2410 pas
1214 2336 1407 2395 commandati
1422 2336 1450 2393 la
1461 2334 1542 2411 Syrie
1558 2342 1587 2394 et
1601 2344 1713 2411 quatre
1733 2339 1867 2417 legions,
1880 2340 1969 2401 Ιιοιιιε

411 2419 504 2477 ‹lestri¹
516 2420 654 2493 i’empiro,
666 2434 722 2493 que
733 2420 758 2477 le
769 2419 862 2477 soldat
872 2420 912 2477 lut
930 2423 1171 2482 austrobertus
1214 2422 1497 2499 egolementiameux
1508 2439 1616 2499 parses
1628 2424 1788 2502 disgrdcca
1801 2434 1834 2486 et
1844 2428 1968 2503 mrcat-

411 2514 536 2565 mcurtre
546 2507 581 2564 dc
590 2506 688 2581 Capito
698 2549 707 2580 ,
717 2507 788 2564 dont
796 2507 863 2565 elles
872 2524 908 2565 ne
916 2512 1070 2582 pouvaient
1079 2512 1171 2570 meme
1213 2528 1294 2569 vcur.
1307 2512 1416 2585 leuas,
1432 2514 1451 2569 tt
1466 2514 1545 2569 avait
1555 2510 1665 2569 cultive
1677 2512 1967 2575 ambttteuscmmtts

410 2612 441 2652 se
458 2596 606 2668 plaindre,
625 2595 664 2652 les
681 2595 823 2669 indignati
839 2611 950 2653 encore.
972 2596 1047 2654 Elias
1063 2597 1170 2657 etaient
1212 2598 1334 2671 grandes
1351 2600 1479 2673 liaisons;
1498 2598 1614 2680 depuis,
1627 2604 1728 2673 ayant
1741 2598 1856 2675 dissipe
1868 2606 1966 2659 tonna

404 2696 477 2740 sans
491 2682 559 2740 circi
569 2681 669 2755 depuis
682 2682 708 2739 le
726 2682 828 2756 denari
842 2683 878 2739 de
896 2682 1063 2757 Verginius,
1081 2687 1167 2758 qu’on
1211 2686 1343 2758 fortune,
1358 2700 1390 2743 sa
1400 2687 1534 2742 situation
1547 2684 1650 2743 devint
1662 2688 1818 2761 critique,
1829 2693 1861 2745 et
1875 2688 1966 2747 nnat

404 2771 487 2827 nvait
500 2767 583 2826 attire
596 2770 614 2826 a
628 2769 655 2825 la
667 2784 735 2826 cour
748 2784 800 2841 par
813 2769 864 2827 des
885 2785 1057 2843 apparcness
1067 2772 1168 2831 d’ami·
1211 2771 1248 2830 de
1271 2774 1298 2829 ia
1310 2772 1402 2830 colere
1419 2771 1455 2830 de
1471 2771 1595 2845 Claude,
1608 2772 1630 2830 il
1645 2780 1731 2831 resta
1748 2774 1852 2835 oabtte'
1861 2774 1927 2835 datu
1938 2790 1964 2833 rr

408 2857 447 2913 tie
460 2874 467 2913 :
482 2857 549 2913 elles
560 2857 708 2930 luganiani
723 2871 797 2929 que,
812 2872 913 2930 nepas
928 2857 953 2914 ie
968 2858 1071 2916 rendre
1086 2861 1104 2916 d
1122 2876 1167 2919 ses
1210 2861 1275 2916 coin
1300 2859 1336 2916 de
1359 2858 1464 2932 l'Asie,
1485 2863 1548 2916 tout
1564 2859 1643 2915 aussi
1664 2858 1739 2931 pres
1760 2859 1800 2917 de
1824 2858 1899 2919 l'exii
1914 2876 1955 2935 qne

403 2942 532 3018 legions,
543 2959 578 3000 ou
594 2944 619 2999 le
633 2940 765 3018 regarder
782 2958 892 3001 comme
903 2944 1056 3019 coupabla,
1071 2946 1168 3005 c’etatt
1210 2946 1326 3019 depuis,
1344 2948 1363 3003 il
1376 2946 1402 3003 le
1412 2945 1458 3003 fut
1468 2944 1505 3003 de
1516 2944 1664 3018 l'empire3
1677 2949 1835 3005 associant
1845 2948 1960 3023 laetali

408 3031 448 3087 ies
459 3046 574 3087 accuser
585 3030 782 3087 ellesmemcs.
1207 3032 1251 3091 tes
1270 3032 1379 3091 bonnes
1392 3038 1421 3090 et
1434 3033 1609 3104 mauvaiscs,
1632 3031 1794 3093 l’cxtreme
1809 3034 1959 3093 mollescat

446 3117 495 3173 tit.
508 3116 636 3196 L'armec
648 3117 686 3174 du
698 3116 768 3173 baut
779 3116 856 3173 lihin
867 3118 974 3174 n’avait
988 3118 1092 3191 quedu
1105 3120 1165 3177 rne'·
1208 3119 1244 3176 de
1264 3118 1414 3191 i'netiritd,
1430 3120 1456 3176 lo
1475 3119 1608 3191 politesse
1629 3117 1658 3174 la
1675 3120 1749 3192 plus
1765 3120 1891 3179 aimabla
1903 3120 1958 3179 etde

405 3206 464 3277 pris
476 3220 547 3277 pour
559 3196 610 3261 sor'r
625 3205 778 3260 licutenant
790 3203 986 3277 Hordeonius,
999 3208 1017 3262 a
1030 3208 1078 3279 qui
1093 3206 1165 3281 l'dge
1209 3205 1399 3279 l'arrogance,
1413 3205 1448 3262 do
1465 3204 1570 3279 grands
1589 3202 1677 3261 exem
1699 3205 1781 3265 dans
1799 3208 1830 3266 le
1845 3206 1925 3279 loislr,
1935 3222 1958 3263 ιι

405 3293 466 3349 etia
478 3298 574 3365 goutte
585 3292 691 3347 btaient
700 3290 805 3361 l'usage
814 3290 904 3346 deses
910 3290 1162 3365 lambes,ge'ne'ral
1207 3292 1305 3350 besoin
1327 3292 1369 3349 de'
1390 3291 1511 3365 grandes
1530 3295 1644 3364 venas3
1666 3290 1783 3349 decent
1805 3308 1846 3351 aa
1863 3292 1958 3363 daban,

396 3377 613 3447 ¹sansicrmete,
625 3391 691 3433 saus
702 3375 877 3449 reputation,
891 3376 1039 3448 incapnble
1052 3377 1088 3434 de
1099 3395 1163 3436 con·
1205 3378 1299 3436 decrid
1318 3377 1390 3434 dans
1404 3392 1437 3434 sa
1454 3378 1501 3433 vie
1518 3376 1639 3451 secrete,
1656 3376 1701 3435 du
1719 3385 1819 3453 reste,
1836 3382 1959 3455 tout-pair

403 3468 476 3521 tenir
495 3465 546 3521 des
567 3464 674 3521 soldats
695 3462 789 3520 meme
807 3463 990 3535 tranquillos,
1012 3470 1040 3520 et
1061 3480 1163 3523 encore
1205 3472 1270 3523 sant
1281 3462 1681 3538 paranetouted·agrc'ments
1695 3466 1961 3539 sursesinterteur,

403 3554 495 3607 moins
516 3551 588 3608 dans
607 3552 681 3608 leurs
700 3555 935 3623 emportemenis,
958 3549 1110 3621 qu’trritait
1129 3568 1161 3609 sa
1205 3568 1249 3608 ses
1264 3554 1351 3623 amis,
1365 3550 1581 3624 sesoolldgucs,
1598 3553 1691 3624 etqui
1709 3552 1963 3611 aimamieuxlain

403 3637 487 3694 iaible
505 3639 668 3695 resistance.
690 3637 742 3693 Les
757 3636 864 3710 legions
880 3637 918 3693 du
938 3636 989 3693 bas
1007 3636 1084 3693 libia
1103 3655 1161 3696 res-
1203 3656 1243 3696 un
1267 3653 1414 3711 cmpcreur
1435 3652 1490 3709 que
1510 3635 1545 3692 dc
1566 3635 1655 3692 l’dtre.
1678 3636 1851 3711 Vespasien
1870 3640 1879 3713 (
1890 3638 1964 3696 c'eta't

400 3726 492 3781 terent
514 3742 590 3782 assez
612 3726 770 3798 longtemps
789 3739 853 3780 sans
875 3725 1032 3780 eonsulaire
1052 3742 1059 3779 ε
1083 3725 1160 3782 enlin
1205 3726 1301 3784 Neron
1318 3727 1367 3797 quii
1386 3725 1481 3781 l'arait
1495 3722 1623 3795 notnmel
1640 3724 1745 3781 iaisait
1761 3728 1789 3782 la
1808 3742 1908 3801 guerre
1921 3742 1963 3783 aut

400 3810 490 3869 Galba
503 3812 562 3868 leur
574 3814 651 3869 avait
664 3809 774 3884 envoyai
787 3810 877 3866 Aulus
888 3809 1034 3884 Vitellius,
1051 3808 1121 3867 dont
1132 3811 1159 3869 le
1204 3812 1279 3870 Juns
1288 3828 1358 3868 arec
1368 3810 1437 3866 trois
1448 3809 1571 3883 legions,
1581 3815 1608 3863 ct
1619 3809 1639 3864 il
1651 3825 1687 3864 ne
1702 3810 1830 3869 iormait
1840 3817 1871 3869 ni
1881 3816 1964 3887 projci,

397 4044 464 4101 dine,
474 4041 570 4089 babitus
579 4039 710 4087 animentur
721 4037 772 4085 init.
783 4040 800 4084 t.
810 4037 1157 4099 prorin‹·iis,llisnaniaepnee·
1199 4042 1225 4088 ln
1235 4037 1476 4086 britannieoescreitu
1488 4036 1545 4083 nibil
1556 4035 1652 4082 iranrm.
1661 4038 1717 4083 Iton
1728 4050 1793 4088 sane
1801 4040 1860 4088 atta
1869 4040 1966 4101 legiam,

397 4119 433 4162 rat
444 4113 543 4163 Cluuius
555 4111 643 4167 titilus,
657 4109 692 4155 sir
705 4106 833 4164 iucundus,
852 4111 875 4153 et
889 4107 953 4166 paais
969 4107 1072 4167 artibus,
1089 4107 1157 4155 bellis
1198 4121 1240 4168 per
1246 4120 1329 4155 onrtres
1340 4106 1445 4154 eir-ittum
1453 4105 1567 4153 bellorum
1578 4108 1671 4159 motus,
1683 4103 1850 4156 innocentius
1860 4110 1966 4167 egerasi:

397 4186 542 4244 irrexperius.
561 4179 655 4235 cattia,
668 4191 738 4237 super
757 4175 895 4223 stramoniam
911 4175 1030 4234 Vindicis,
1048 4176 1157 4236 obligata
1198 4190 1239 4224 seu
1249 4177 1303 4237 qrria
1314 4174 1408 4238 procul,
1418 4178 1539 4222 etoceano
1548 4172 1646 4229 diuisae,
1657 4184 1701 4218 seu
1714 4174 1814 4223 crebris
1822 4174 1967 4237 armatia-

396 4253 483 4300 recenti
495 4251 557 4297 ‹lono
567 4261 670 4294 romanae
678 4246 795 4303 civitatis,
805 4249 828 4293 et
838 4245 861 4292 in
871 4249 992 4306 posterum
1002 4246 1083 4294 tributi
1093 4247 1155 4296 leta·
1196 4244 1242 4292 bus
1253 4245 1329 4293 doctae
1342 4244 1433 4291 bostem
1445 4242 1524 4303 troilus
1535 4240 1622 4287 odisse.
1640 4241 1720 4297 Quicni
1733 4247 1760 4289 et
1774 4244 1875 4305 illyrico
1888 4256 1967 4305 :qua

396 4328 484 4372 masto.
497 4320 615 4369 Pronirrrar
625 4322 703 4365 arnon
715 4316 855 4376 germanicis
867 4316 1010 4363 exercitibus
1023 4316 1153 4364 Galliarum
1195 4327 1266 4374 qrratu
1275 4314 1358 4361 exeita·
1368 4326 1382 4359 a
1396 4315 1488 4359 Nerone
1500 4310 1617 4369 legiones,
1629 4307 1729 4356 durmin
1741 4312 1815 4360 ltalia
1825 4318 1966 4369 oumnaiu,

395 4393 515 4447 civitates,
527 4403 574 4436 non
587 4387 670 4435 eodem
683 4387 770 4434 bonore
783 4386 883 4441 babitar,
895 4384 1006 4445 orandam
1018 4386 1089 4432 etiarn
1101 4385 1151 4433 lini·
1195 4382 1331 4440 Verginiam
1342 4378 1616 4439 legationibusadissent.
1630 4377 1678 4425 Sed
1685 4377 1772 4440 longis
1782 4382 1871 4441 statiis
1880 4380 1967 4430 (firmi

395 4464 439 4511 lun
449 4459 579 4520 adenrptis.
589 4457 639 4517 nari
649 4456 729 4504 dolore
738 4455 862 4503 commoda
871 4454 945 4501 aliena
954 4467 982 4501 ac
992 4467 1048 4501 snas
1058 4454 1154 4514 injurias
1193 4453 1326 4510 exereitus,
1339 4449 1402 4511 qrmd
1415 4448 1596 4495 saluberrimum
1608 4448 1646 4494 esi
1657 4446 1688 4494 ad
1700 4450 1883 4499 mutinensium
1892 4450 1966 4499 nate

394 4531 559 4580 metiebantur.
571 4526 704 4575 Germanici
712 4522 916 4584 exercitus,quod
928 4523 1152 4583 aeneolosissimam
1193 4534 1243 4569 rem
1255 4520 1338 4577 briem,
1349 4532 1392 4567 nee
1401 4518 1477 4573 vitiis,
1488 4530 1532 4564 neo
1542 4516 1634 4563 uiribus
1643 4516 1832 4594 miscebantur.

387 4603 416 4650 -in
429 4600 500 4648 tanbs
511 4597 616 4653 viribus,
629 4595 722 4643 solliciti
735 4598 758 4643 et
768 4593 834 4651 irati,
845 4592 954 4653 superbia
966 4593 1068 4642 recentis
1079 4593 1151 4642 ricto·
1224 4591 1255 4636 Χ.
1268 4588 1353 4636 Oriens
1366 4587 1444 4633 ardbnc
1458 4586 1580 4633 immotus.
1596 4588 1689 4644 Syriam
1701 4590 1731 4634 et
1743 4594 1856 4649 quatuor
1871 4588 1964 4649 legiensi

393 4671 448 4729 ria,
460 4671 571 4725 etmetu,
581 4668 694 4725 tanquam
704 4663 850 4725 oliaspartcs
862 4663 985 4709 arsissent.
999 4662 1152 4711 Tardeab'e·
1192 4658 1313 4706 obtinebat
1329 4657 1432 4705 Licinius
1453 4656 1590 4712 blasianus,
1611 4654 1648 4701 sir
1666 4657 1790 4706 mundis
1820 4656 1964 4718 amassem

392 4751 448 4785 rorte
457 4736 618 4791 desciverant;
631 4745 674 4780 uae
683 4733 763 4780 statim
774 4746 815 4792 pro
825 4731 900 4780 Galba
912 4731 1052 4790 Verginius:
1065 4744 1094 4778 an
1107 4731 1148 4781 im·
1189 4727 1259 4787 juxta
1271 4727 1383 4774 ianrmus.
1396 4724 1503 4783 insignes
1513 4723 1629 4771 amicitias
1635 4725 1738 4782 iuvenis
1750 4725 1960 4775 ambitiosecolne

392 4818 473 4867 perere
489 4804 619 4859 voluisset,
632 4801 745 4861 dubium';
762 4802 866 4850 delatam
883 4800 903 4849 ei
916 4814 930 4847 a
941 4800 1016 4848 milite
1026 4801 1151 4861 imperium
1192 4804 1242 4858 rat;
1258 4811 1312 4845 mox
1331 4794 1417 4843 attritis
1432 4793 1530 4871 ortibus,
1550 4792 1646 4871 tubrioo·
1659 4796 1744 4853 statu,
1763 4802 1882 4859 suspecta
1898 4795 1960 4843 aisn

391 4874 552 4921 conveniebat.
559 4871 684 4921 Fonteium
692 4870 829 4930 capitonem
836 4869 951 4927 occisum,
960 4869 1150 4931 etianrquiqueri
1191 4866 1283 4915 Claudii
1293 4862 1426 4921 iracundia,
1440 4874 1463 4908 nr
1479 4865 1597 4908 secretum
1605 4866 1670 4909 asra
1676 4863 1823 4925 repositus,
1836 4870 1889 4913 iata
1898 4874 1962 4927 μομ

391 4956 437 4990 noa
450 4947 570 5004 poterant,
583 4947 661 4989 tamen
674 4939 863 4998 indignabantur.
877 4941 931 4986 bur
943 4937 1037 4996 deerat,
1047 4938 1150 4988 abducto
1189 4936 1220 4984 ab
1232 4934 1313 4984 exsule
1330 4933 1386 4989 init,
1403 4943 1475 4993 quam
1490 4932 1572 5009 postea
1591 4930 1739 5009 antiociae.
1761 4934 1886 4993 ιιιιιιιὶι,
1902 4930 1961 4981 iath-

391 5011 501 5070 l'erginio
512 5024 554 5072 por
570 5009 745 5057 simulationem
762 5008 886 5065 amicitiam
899 5018 970 5068 quem
989 5019 1037 5053 noa
1048 5008 1148 5067 remitti,
1190 5006 1258 5064 stria,
1268 5004 1393 5061 comitate,
1403 5003 1542 5059 arrogantia,
1551 4999 1620 5047 malrs
1627 4997 1752 5061 marsque
1758 5002 1857 5051 artibus
1865 5004 1959 5051 ιιιίιιιιιε

391 5083 462 5139 atque
480 5079 552 5127 etiam
564 5091 632 5126 reunt
644 5090 711 5136 esse,
732 5082 845 5138 ῑιιιιιμιιιιιι
861 5088 932 5122 suum
944 5074 1033 5123 crimen
1052 5075 1148 5136 accipie·
1189 5076 1421 5135 nimimroiuptates,
1434 5084 1508 5131 qurum
1520 5071 1737 5132 vaaue13quoties
1749 5075 1905 5136 expetiisset,
1915 5085 1956 5122 ma

391 5148 455 5195 barri.
1189 5158 1241 5206 gnm
1258 5145 1357 5192 virtutes
1374 5159 1380 5190 ε
1398 5142 1473 5202 gratam
1490 5140 1611 5194 laudares.
1628 5146 1725 5189 sarreia
1742 5144 1811 5193 male
1827 5144 1956 5193 audiebant.

423 5220 462 5264 tit.
480 5216 592 5277 Ssuperior
606 5215 724 5261 exereitus
742 5214 844 5269 togatum
861 5213 1021 5262 llordeonintn
1039 5213 1148 5261 Flaccum
1190 5214 1237 5263 Sed
1248 5213 1311 5275 apud
1321 5213 1453 5272 subiectos,
1463 5208 1526 5271 apud
1536 5222 1669 5270 pmxrmos,
1681 5212 1752 5273 aprrd
1764 5214 1887 5273 collegas,
1896 5210 1957 5259 ratiis

391 5286 528 5346 coemebat,
541 5288 638 5332 senecta
655 5297 683 5330 ae
694 5283 813 5331 debilitate
830 5282 918 5343 pediam
935 5282 1078 5341 invalidum,
1098 5283 1149 5331 sine
1189 5283 1305 5332 illecebris
1314 5284 1442 5343 potens3et
1455 5279 1492 5325 eni
1499 5277 1632 5339 expeditius
1643 5278 1717 5327 tuerit
1727 5281 1831 5331 tradere
1838 5283 1954 5345 impensa

392 5355 536 5411 etrrrsiantia,
548 5354 599 5400 sine
611 5354 749 5401 auctoritate
763 5367 769 5398 ι
781 5367 811 5401 aa
823 5353 905 5413 quieto
917 5351 1012 5413 quidem
1027 5351 1101 5399 milite.
1111 5365 1148 5400 ro·
1189 5364 1260 5413 qrram
1282 5350 1397 5398 obtinere.
1419 5347 1511 5397 Bellum
1531 5345 1653 5407 iudaicam
1672 5348 1777 5400 Flavius
1803 5352 1953 5415 Vespasianus

391 5423 482 5481 glitten,
501 5423 560 5471 adeo
576 5422 681 5470 turrentes
697 5422 830 5471 intinnitate
848 5422 970 5472 retinentis
989 5423 1051 5470 ultro
1068 5435 1139 5470 necea
1190 5420 1287 5483 (ducem
1303 5433 1358 5468 eum
1378 5421 1439 5466 Nero
1458 5415 1589 5475 delegerat)
1610 5414 1689 5464 tribus
1707 5417 1852 5477 legionibus
1868 5416 1953 5469 addai

391 5492 514 5539 dabantur.
526 5492 645 5539 interioris
663 5494 795 5540 Gemnntn
810 5492 912 5553 legiones
924 5491 1014 5540 diutins
1029 5492 1079 5540 sine
1095 5505 1148 5540 con-
1188 5489 1286 5539 strabat.
1299 5492 1348 5538 Neu
1357 5485 1502 5547 vespasiano
1511 5482 1626 5532 adsersus
1636 5484 1742 5533 Galbam
1750 5492 1904 5547 rotumam
1912 5484 1952 5534 ari·

391 5561 462 5607 striari
478 5560 556 5617 iaere;
572 5561 659 5620 donec,
676 5561 749 5609 missu
771 5560 867 5620 Galbae,
884 5566 912 5609 Α.
929 5558 1039 5607 Vitellius
1054 5559 1147 5619 scierat,
1189 5572 1251 5607 rnus.
1269 5559 1362 5619 Quippe
1380 5558 1460 5605 Titum
1479 5552 1554 5600 tilium
1571 5552 1601 5600 ad
1620 5556 1811 5607 r'enerationem
1825 5558 1950 5616 miano·

392 5631 497 5677 stt-risoris
508 5631 594 5678 l'iiciiii
606 5644 632 5677 ac
648 5636 681 5677 ter
696 5631 798 5678 consitiis
811 5631 872 5679 iilius
887 5644 892 5676 :
906 5629 929 5677 id
942 5629 1001 5677 satis
1014 5628 1144 5677 sitiebatur.
1188 5629 1239 5689 ejus
1250 5628 1358 5685 miserat,
1369 5631 1395 5673 nt
1405 5637 1449 5673 suo
1458 5623 1511 5669 loro
1520 5621 1719 5672 memorabimus.
1731 5624 1947 5691 oeentategetnt.
