4734 6609
410 671 468 727 tta
1133 670 1282 733 Tacita.

409 823 422 850 ι
432 802 498 859 tout
509 795 699 873 rdeenrmant,
712 797 825 873 lorsque
836 798 950 875 islaris
962 800 1121 861 ebarlment
1136 802 1174 862 de
1215 812 1310 867 ments
1322 823 1359 867 ne
1372 807 1597 888 donnaleatque
1607 818 1677 891 trop
1691 814 1860 896 d’arrdace3
1871 820 1893 881 il
1903 822 1982 889 lulu-

408 912 421 937 ·
432 884 548 947 Silanus
558 885 904 946 etd¹Antlstiusattlmun
915 893 1174 950 concorrrsunlver·
1215 897 1292 953 socie
1309 895 1483 972 Marcellus,
1505 906 1621 961 orateur
1640 905 1859 981 mmmmm
1872 926 1923 985 par
1940 930 1981 977 ιι

408 974 1173 1055 «sel,llavaltmiauxaimdvaquerauxallairespri-
1215 980 1555 1057 eloqueneevebemente.

407 1087 421 1115 ι
432 1062 501 1123 vdes
510 1061 603 1121 deses
617 1063 734 1136 clienta,
754 1059 848 1121 c’etalt
864 1064 892 1123 ia
909 1080 966 1124 una
980 1068 1114 1141 scission,
1132 1084 1172 1126 un
1253 1068 1981 1157 xx111.cepenuant,0scorrussablnns,eberrrrs

407 1176 421 1203 ι
433 1149 671 1227 par·tilorme,et,
682 1152 817 1225 pourpeu
827 1151 1171 1231 qu’ilerltd'imitateurs,
1215 1162 1343 1233 romain,
1357 1163 1437 1219 avait
1450 1161 1516 1237 de'jd
1528 1170 1631 1225 retenu
1645 1166 1847 1229 l'nccusation
1861 1170 1898 1230 de
1907 1172 1978 1235 Sera·

406 1265 420 1291 .
432 1244 735 1315 unegaerreourerte.
746 1237 942 1315 0ul,prlnee,
953 1243 1050 1315 ajouta
1058 1240 1170 1318 Capito,
1213 1260 1288 1319 nus,
1304 1246 1426 1305 aussitdt
1443 1249 1525 1323 apres
1543 1252 1733 1328 l’explratlon
1748 1255 1797 1315 du
1812 1264 1984 1333 proauum

407 1352 420 1378 ι
437 1326 548 1401 Rome,
563 1324 648 1384 avide
659 1325 696 1384 de
709 1325 872 1402 discordes,
884 1329 964 1401 parle
977 1329 1013 1387 de
1030 1329 1172 1391 Thraseae
1214 1333 1328 1409 d’rtsle,
1352 1334 1391 1393 ou
1414 1351 1447 1394 ee
1466 1336 1589 1397 aeman
1609 1340 1728 1402 achera
1749 1340 1982 1422 d'lndlsp'asels

406 1415 503 1475 aetde
512 1416 554 1473 tol
565 1430 678 1474 comme
689 1413 825 1473 autrefois
833 1413 1006 1474 dedeaeret
1020 1418 1057 1476 de
1069 1417 1170 1478 Caton
1213 1423 1311 1496 prinae
1322 1438 1374 1497 par
1386 1438 1439 1482 son
1451 1424 1603 1502 lnte‘gritc,
1620 1445 1677 1504 par·
1692 1445 1744 1489 aas
1761 1433 1876 1493 talanta
1909 1452 1979 1511 puae

405 1502 663 1562 .Tbraseasades
676 1507 834 1561 sectateurs
845 1519 883 1561 ou
897 1503 992 1579 plutdt
1002 1505 1053 1563 des
1064 1508 1171 1566 satelli·
1213 1511 1284 1584 qu’ll
1298 1508 1685 1587 s'etaltappllquedouvrlr·
1701 1516 1731 1576 le
1747 1519 1856 1593 pertd
1968 1568 1977 1601 ,

404 1596 491 1666 «tes,
503 1591 570 1665 qul,
581 1605 649 1649 sans
662 1605 693 1648 se
704 1596 861 1664 permotus
871 1607 974 1650 encore
988 1593 1015 1650 ia
1026 1592 1171 1654 bardiesse
1213 1603 1243 1655 et
1252 1614 1338 1673 parce
1346 1599 1418 1674 qu’il
1429 1604 1508 1659 avait
1519 1602 1602 1661 laissi
1611 1605 1749 1679 tmpuute
1760 1606 1794 1665 la
1803 1607 1980 1673 uuae&

403 1702 416 1728 «
430 1677 1171 1753 insolentedasesdiseours,eoplentsonalretson
1212 1685 1975 1775 cltoyensdePergame,quiempdeber-entaerrtrs,

402 1791 416 1816 ι
429 1764 728 1840 exte'rieur,aileetent
742 1765 884 1824 l'bumeur
895 1773 925 1824 et
935 1766 1090 1826 l'austdritc
1099 1785 1171 1843 pour
1212 1770 1356 1831 alfrancbi
1369 1773 1406 1833 de
1421 1775 1600 1851 l'empereur,
1618 1777 1775 1839 d’enterer
1794 1782 1875 1841 leurs
1885 1790 1977 1847 m

402 1878 415 1904 «
428 1870 546 1913 accuser
554 1860 598 1912 tes
606 1853 728 1928 plaisirs.
740 1853 793 1911 Lui
803 1855 865 1912 seul
878 1860 922 1911 eat
931 1870 999 1913 sans
1009 1855 1170 1916 sollicitudo
1212 1866 1241 1918 et
1248 1861 1324 1919 leurs
1334 1861 1480 1921 tnbleaux.
1496 1864 1569 1922 blais
1579 1866 1605 1923 le
1618 1865 1700 1939 griel
1707 1870 1805 1943 qu'on
1818 1870 1942 1949 monus,
1950 1890 1977 1933 eo

402 1969 416 1995 ι
429 1960 480 2002 sur
491 1950 535 2002 tes
544 1945 643 2017 j0urs,
655 1957 723 2000 sans
734 1944 836 2001 estime
847 1958 920 2017 pour
931 1949 976 2000 tes
986 1945 1100 2003 tuens.
1118 1945 1167 2004 ln·
1211 1947 1258 2006 lut
1268 1947 1430 2008 son'amltle
1443 1967 1516 2025 pour
1526 1951 1663 2027 Plautus,
1677 1960 1713 2012 et
1725 1956 1754 2013 le
1764 1955 1886 2017 dessein
1898 1958 1978 2020 iuml

401 2056 414 2080 ι
426 2030 550 2089 sensible
566 2045 626 2088 aux
637 2029 813 2104 prosperitas
825 2029 862 2086 de
878 2044 931 2087 son
942 2031 1059 2105 prinee,
1072 2031 1169 2091 faut-ll
1212 2036 1249 2093 de
1264 2050 1373 2113 gagner
1387 2037 1415 2095 la
1424 2041 1561 2112 pmvinee
1576 2056 1650 2115 pour
1664 2039 1780 2117 qn'eile
1796 2046 1974 2107 weorm-

401 2142 415 2167 ι
427 2115 1170 2203 encoreqnetesalbietionsetteslarmesnapuissent
1210 2126 1318 2198 pmjets
1331 2124 1499 2185 ambitieux.
1512 2126 1559 2186 On
1574 2128 1701 2205 cbolsit,
1718 2147 1800 2205 pour
1816 2132 1848 2191 la
1858 2134 1975 2193 amdan-

401 2231 413 2257 «
426 2210 560 2266 assouvir
570 2222 603 2265 sa
617 2206 724 2264 balnei
735 2206 851 2281 Gentem
862 2208 940 2280 lene
953 2207 1095 2266 m'e'toune
1104 2210 1170 2285 plus
1211 2214 1328 2287 nadon,
1345 2212 1373 2271 le
1389 2218 1484 2288 temps
1494 2214 1532 2273 od
1545 2214 1676 2274 Tiridate
1689 2218 1780 2276 allait
1792 2220 1910 2280 arrives·
1922 2238 1977 2297 pon

401 2319 414 2346 ι
425 2295 496 2371 qu‘ll
504 2295 586 2353 aiala
596 2293 718 2352 divinite
728 2294 765 2351 de
773 2292 903 2368 Poppee,
918 2294 1048 2369 lorsqu'il
1058 2312 1095 2353 ne
1101 2300 1168 2372 jure
1210 2301 1338 2357 receuoir
1351 2300 1378 2357 ia
1389 2314 1534 2361 courouna
1547 2302 1740 2379 d’annenre,
1755 2308 1820 2364 soit
1831 2308 1975 2381 quedm

401 2407 414 2433 «
427 2385 508 2459 point
521 2398 572 2441 sur
588 2383 629 2440 les
638 2389 716 2440 actes
725 2382 777 2440 des
789 2381 988 2457 demi-dieux,
1000 2382 1037 2440 de
1045 2382 1126 2449 Jules
1137 2390 1168 2443 et
1210 2385 1323 2461 asperat
1338 2387 1452 2461 escher,
1475 2388 1548 2448 dans
1565 2390 1716 2464 l'appareil
1735 2391 1777 2451 de
1799 2400 1881 2453 cette
1892 2412 1976 2471 poma

400 2496 414 2521 ι
425 2471 593 2546 d’anguste.
608 2470 633 2527 il
645 2467 786 2545 dedaigne
796 2485 849 2527 nos
859 2469 1017 2543 sacrillcea,
1032 2470 1052 2527 il
1061 2469 1168 2546 abroge
1210 2472 1370 2548 e‘traugdre,
1381 2474 1772 2537 l’borreurdesescnrautes
1779 2478 1975 2557 domesticu,

400 2582 414 2610 ι
427 2574 481 2617 nos
496 2559 558 2617 lois.
573 2557 629 2616 Les
646 2559 815 2632 provinces,
829 2556 870 2614 les
882 2556 994 2614 armena
1006 2573 1043 2615 ne
1058 2557 1168 2616 rechen
1209 2563 1265 2619 soit
1274 2563 1509 2637 qu'envisageant
1520 2564 1547 2621 le
1557 2570 1686 2622 meurhe
1698 2564 1742 2623 de
1753 2568 1976 2642 cltoyenssidb

400 2646 513 2705 nebant
527 2647 568 2704 les
578 2648 724 2720 joumaux
737 2643 1081 2719 dupeupieromalnque
1094 2661 1167 2719 pour
1209 2647 1324 2724 tingae's
1345 2664 1457 2707 comme
1478 2665 1520 2708 un
1538 2656 1602 2709 acte
1624 2652 1730 2726 royal,
1755 2653 1778 2712 il
1802 2652 1874 2714 enit
1894 2657 1976 2731 prrb

399 2757 413 2784 ι
425 2750 446 2810 y
456 2734 508 2792 lire
518 2734 544 2791 le
554 2733 658 2791 silence
669 2737 698 2788 el
708 2731 899 2789 l'inectlonde
909 2731 1060 2790 Thraeces.
1072 2731 1166 2803 Qu'on
1209 2735 1346 2809 deployer
1359 2737 1386 2794 la
1398 2736 1542 2810 grandeur
1550 2736 1619 2795 d'un
1631 2742 1811 2799 souverain.
2009 2706 2013 2815 1

399 2819 1167 2896 .moptedonesesmaximcs,sionlesjageprefera-
1248 2820 1354 2879 XXIV.
1365 2820 1458 2879 Teate
1466 2821 1495 2879 la
1504 2823 1570 2881 ville
1579 2826 1660 2881 avait
1669 2827 1975 2905 couruenloaleporr
2011 2834 2013 2889 ἶ

398 2932 412 2959 ι
426 2905 1164 2983 blea;ouqu’onenlereenllnddesnovateursse'·
1208 2910 1337 2965 receuoir
1353 2923 1405 2966 son
1425 2909 1523 2982 prlnee
1544 2915 1573 2968 et
1594 2924 1670 2984 pour
1694 2915 1769 2972 voir
1788 2914 1818 2973 ie
1838 2930 1976 2991 menam·

400 3022 412 3048 ι
425 2997 536 3056 ditieux
553 2998 615 3055 leur
628 2993 697 3053 chel
707 3000 737 3053 et
750 2995 812 3053 leur
827 2993 950 3052 modale.
966 2993 1047 3052 Getta
1058 3002 1134 3053 secte
1147 3011 1166 3054 a
1208 2993 1340 3069 etmnger
1349 3012 1359 3069 ς
1368 3010 1406 3052 on
1416 2994 1450 3053 dt
1459 2994 1758 3058 detenseaThraseas
1767 3000 1976 3062 desemmtre.

397 3108 411 3136 ι
425 3084 541 3161 produit
554 3082 596 3141 les
618 3081 769 3140 Tuberone
781 3087 811 3140 et
837 3081 877 3140 ier
900 3081 1057 3155 Favonius,
1082 3098 1166 3142 noms
1207 3081 1645 3158 Loindeselaisserubattre,ll
1658 3084 1977 3167 eerivitheaoapau

397 3166 1166 3243 «odleuxmdmedl’auciennercpublique.lismettent
1207 3170 1430 3231 demandarem
1443 3176 1547 3249 crime,
1564 3174 1585 3232 ll
1598 3177 1795 3249 garantisrait
1808 3194 1844 3237 aa
1851 3178 1974 3255 jandin·

397 3286 411 3313 ι
424 3277 462 3320 en
473 3265 563 3320 avant
577 3259 605 3317 ta
619 3256 735 3329 liberte,
751 3256 810 3314 adn
827 3255 988 3315 rl'aneuntir
1003 3258 1029 3315 le
1043 3261 1165 3332 poavolr
1206 3261 1284 3333 tion,
1295 3257 1337 3318 s’il
1350 3259 1477 3318 obtenuit
1489 3262 1516 3320 la
1530 3264 1787 3322 communicetion
1796 3264 1854 3325 dea
1867 3264 1974 3343 βίω

396 3372 410 3400 ι
421 3346 571 3424 imperial3
588 3344 649 3404 s’ils
659 3345 686 3403 le
705 3342 884 3417 detrulsent,
898 3345 933 3401 ils
944 3346 1165 3417 attnquerontla
1207 3348 1236 3406 la
1245 3345 1345 3404 liberte
1353 3347 1390 3404 de
1399 3344 1549 3422 reponare.
1559 3346 1657 3406 Neron
1664 3352 1774 3408 ouvrlt
1784 3351 1974 3411 lalettrearra

396 3461 410 3488 ι
424 3433 525 3495 liberte
534 3433 637 3492 meme.
648 3432 692 3490 En
702 3433 807 3490 valntu
817 3448 848 3489 as
858 3431 1127 3506 bannluncasslus,
1139 3436 1165 3491 si
1206 3440 1444 3507 emprasscment,
1458 3434 1531 3491 dans
1546 3434 1660 3508 l'espolr
1670 3451 1733 3510 que
1751 3437 1784 3496 la
1804 3441 1919 3499 eminae
1929 3454 1970 3498 n·

395 3548 409 3575 ι
423 3530 455 3583 tu
469 3523 567 3581 luisses
579 3523 618 3579 las
633 3520 743 3578 emules
754 3519 805 3577 des
822 3518 928 3576 Brutus
938 3534 969 3576 se
985 3527 1164 3594 propageret
1207 3522 1262 3578 ralt
1272 3519 1348 3581 dicte
1362 3519 1413 3578 des
1428 3521 1609 3594 expressions
1621 3523 1690 3595 qul,
1706 3538 1749 3581 en
1768 3524 1973 3585 rehausrantb

394 3636 408 3663 «
422 3610 592 3671 s'accroltre.
606 3609 651 3666 Au
663 3613 755 3679 reste,
769 3605 873 3664 n’ecris
883 3621 933 3680 pas
943 3622 984 3664 un
994 3613 1054 3663 mot
1065 3613 1163 3664 eontra
1205 3607 1316 3683 dignita
1325 3607 1364 3665 du
1378 3608 1488 3682 prinee,
1503 3612 1616 3664 eussent
1633 3610 1706 3665 aviii
1715 3608 1889 3686 Thraecias,
1901 3612 1971 3683 ma'a,

395 3723 408 3751 ι
422 3697 582 3771 Thraseae,
595 3712 651 3770 quc
660 3696 686 3754 le
699 3694 781 3753 senat
791 3696 861 3769 juge
870 3699 951 3750 entre
966 3693 1005 3751 lul
1023 3699 1052 3751 et
1070 3696 1162 3751 moi.»
1206 3699 1315 3769 voyant
1333 3694 1360 3751 le
1377 3696 1536 3765 contraire,
1555 3699 1584 3751 et
1601 3692 1764 3753 mdoutant
1784 3696 1972 3756 tur-mamea

393 3787 491 3849 Neron
502 3799 662 3860 encourage
673 3783 874 3858 Cossutianus,
887 3783 965 3857 iqui
977 3797 1022 3839 ses
1032 3784 1160 3840 ressonti-
1206 3781 1358 3856 presence,
1368 3781 1395 3837 la
1408 3778 1528 3837 lierte-et
1537 3780 1562 3837 ie
1571 3795 1697 3855 courage
1710 3781 1791 3840 d'un
1801 3783 1974 3858 innocendi

393 4017 557 4080 «vulgaribus
572 4028 668 4078 quoque
686 4018 782 4077 patrum
806 4012 922 4061 consultis
940 4015 1016 4060 semet
1039 4010 1156 4059 fautorem
1203 4012 1356 4059 annulorum
1371 4009 1472 4058 emulos
1487 4022 1603 4072 passurus
1617 4021 1651 4058 es.
1667 4008 1789 4072 benique
1805 4012 1867 4063 nrbll
1884 4010 1931 4075 lpse
1943 4008 1969 4059 de

393 4110 406 4133 ι
419 4094 461 4138 aut
470 4086 634 4136 adversarium
646 4083 796 4141 ostenderet,
812 4081 913 4131 triennio
924 4094 971 4128 non
983 4079 1103 4128 introiisse
1117 4093 1158 4127 cu·
1202 4100 1214 4123 a
1227 4081 1332 4129 Thrasea
1350 4079 1488 4142 scripseris,
1507 4079 1694 4140 disceptatorem
1714 4085 1838 4130 senatum
1856 4080 1923 4131 mbia
1939 4093 1969 4128 rc·

394 4180 406 4203 ι
420 4160 494 4217 riam;
508 4157 792 4218 nuperrimeque,qrrum
807 4151 836 4201 ad
849 4150 993 4200 cecrccndos
1011 4151 1119 4198 silanum
1135 4157 1159 4200 et
1202 4169 1214 4192 ι
1227 4149 1315 4210 linque.
1335 4167 1346 4189 a·
1367 4149 1464 4196 Ererilit
1487 4148 1521 4195 ira
1545 4155 1682 4211 pmmptum
1700 4150 1851 4200 Cossutiani
1873 4150 1967 4200 minu

393 4248 405 4271 ι
419 4231 532 4276 Veterem
546 4225 656 4273 certatim
672 4225 861 4281 concurreretur,
877 4220 977 4283 privatis
993 4219 1073 4281 potius
1089 4220 1159 4269 clien-
1200 4222 1275 4277 itero,
1288 4217 1416 4279 adjicitque
1428 4218 1565 4266 Marcellum
1577 4218 1691 4280 Eprium,
1704 4219 1757 4266 acri
1768 4220 1916 4283 emanata

393 4317 406 4339 ι
418 4297 481 4345 tium
489 4294 591 4355 negotiis
601 4292 724 4341 vacavisse
735 4307 741 4339 :
753 4292 911 4342 secessionem
919 4291 969 4352 jam
979 4290 1016 4349 ld,
1030 4295 1053 4340 et
1065 4295 1159 4351 partes,
1230 4291 1317 4337 xxiii.
1335 4292 1365 4336 at
1374 4290 1473 4336 Baream
1484 4290 1601 4336 soranum
1608 4287 1657 4347 jam
1671 4287 1719 4336 sibi
1730 4291 1854 4339 Ostorius
1863 4290 1970 4347 Sab'm,

393 4384 406 4409 ι
418 4369 456 4426 et,
475 4364 571 4412 elidem
587 4362 656 4413 multi
670 4361 787 4422 audeam,
804 4361 893 4409 bellum
910 4372 971 4408 esse.
990 4363 1022 4408 Ut
1035 4360 1157 4422 quondam
1198 4371 1272 4421 eques
1284 4371 1409 4417 romanus,
1421 4363 1561 4419 poposcerat
1570 4370 1653 4415 reum,
1667 4369 1699 4405 err
1710 4360 1893 4419 proconsulatu
1903 4359 1966 4415 asie,

392 4454 406 4478 ι
418 4437 446 4484 G.
459 4437 594 4492 cesarem,
608 4451 620 4474 ι
635 4432 725 4493 inquit,
739 4451 750 4473 a
763 4434 788 4479 et
803 4433 836 4479 bt.
849 4432 981 4489 Catonem,
994 4430 1028 4478 ita
1040 4443 1103 4478 nunc
1118 4436 1157 4491 te,
1200 4429 1224 4476 in
1233 4441 1281 4488 qua
1292 4427 1436 4476 oliensiones
1446 4426 1559 4488 principis
1571 4426 1639 4474 auxit
1646 4427 1746 4486 justitia
1759 4434 1840 4490 atque
1849 4428 1966 4486 morsm,

392 4524 406 4549 ι
419 4508 494 4566 llere,
505 4507 530 4553 et
538 4503 669 4553 Thraseam
680 4499 751 4550 avida
762 4498 934 4548 discordiarum
946 4499 1032 4547 civitas
1043 4497 1157 4560 loquitur.
1198 4500 1223 4546 el
1233 4497 1290 4559 quis
1301 4496 1379 4558 portui
1390 4496 1547 4558 Ephesiorum
1559 4495 1689 4557 aperiendo
1699 4509 1789 4545 curam
1801 4500 1965 4561 insumpserat,

394 4594 408 4619 ι
420 4578 450 4625 Et
463 4574 535 4623 habct
550 4576 691 4633 existeres,
705 4571 744 4620 vel
755 4570 835 4632 potius
851 4568 978 4627 satellites,
995 4568 1157 4630 qainondam
1199 4567 1297 4628 vimque
1312 4565 1416 4614 civitatis
1431 4568 1597 4625 Pergameae,
1614 4565 1770 4627 prohibentis
1782 4572 1914 4628 bernam,
1924 4568 1965 4617 Ge

392 4665 405 4688 ι
417 4643 594 4693 contumaciam
615 4640 802 4700 sententiarum,
823 4639 866 4688 sed
889 4637 997 4686 habitum
1016 4638 1157 4700 vultumque
1198 4637 1258 4685 saris
1268 4636 1393 4693 libertum,
1404 4638 1497 4683 statuas
1508 4638 1533 4682 el
1545 4633 1652 4695 picturas
1662 4635 1789 4697 avehere,
1801 4633 1963 4685 inmunem

391 4732 404 4757 ι
418 4713 470 4773 eius
481 4715 614 4769 sectantur,
631 4709 699 4771 rigidi
713 4714 738 4759 et
750 4709 843 4767 tristes,
859 4721 908 4769 quo
925 4707 967 4756 tibi
979 4707 1101 4756 lasciviam
1116 4721 1157 4757 err·
1197 4710 1269 4754 serat.
1281 4704 1327 4754 Sed
1339 4704 1433 4751 crimini
1446 4703 1548 4751 dabatur
1557 4702 1663 4750 amicitia
1675 4703 1758 4752 Plauti
1772 4710 1801 4754 et
1813 4705 1913 4754 ambitio
1922 4716 1966 4753 om

392 4801 405 4826 ι
418 4782 539 4843 probrcnt.
559 4781 621 4829 liuic
641 4778 683 4829 uni
705 4778 856 4827 incolumitas
870 4781 926 4835 tua,
945 4781 994 4825 lure
1012 4781 1088 4837 artes,
1105 4777 1156 4827 sine
1196 4774 1305 4823 ciliandoe
1323 4773 1452 4835 provinciae
1468 4772 1499 4820 ad
1515 4784 1571 4833 spes
1588 4783 1672 4819 novas.
1692 4775 1808 4834 Tempus
1830 4770 1964 4823 aemam

392 4872 405 4897 ι
417 4853 514 4902 honore
527 4856 654 4914 Prosperae
671 4850 784 4913 principis
796 4862 835 4897 res
847 4848 938 4910 spernit
952 4863 958 4896 ε
971 4849 1074 4897 etiamne
1090 4849 1156 4897 lucti-
1196 4843 1330 4903 delectum,
1346 4856 1395 4904 quo
1413 4841 1532 4891 Tiridates
1547 4840 1687 4902 accipiendo
1704 4843 1835 4892 Armenias
1850 4856 1921 4905 regno
1930 4840 1963 4889 ad·

392 4941 405 4966 ι
418 4921 464 4970 bus
475 4924 500 4971 et
510 4920 632 4969 doloribus
644 4933 690 4969 non
705 4917 946 4979 saliatur?T,jusdem
958 4918 1031 4966 animi
1043 4922 1080 4967 est
1094 4921 1155 4980 Pop·
1196 4914 1309 4963 venhbat
1330 4926 1336 4959 :
1357 4918 1383 4961 ut
1398 4911 1429 4960 ad
1450 4915 1550 4960 externa
1566 4909 1706 4959 rumoribus
1724 4911 1876 4962 intestinum
1898 4911 1966 4961 νὴ·

390 5010 403 5033 «
417 5003 494 5053 preara
505 4990 587 5038 divam
599 5002 646 5037 non
663 4988 774 5048 credere,
791 4986 861 5046 cuius
878 4986 902 5034 ia
919 4991 972 5035 scta
989 4987 1038 5035 divi
1053 4988 1154 5048 Augusti
1195 4983 1362 5032 obscuraretur
1368 4997 1376 5040 ;
1393 4993 1436 5040 an,
1454 4983 1482 5027 ut
1498 4978 1687 5040 magnitudinem
1705 4979 1894 5041 imperatoriam
1907 4978 1964 5029 erade

390 5077 403 5103 ι
415 5062 442 5107 at
451 5057 502 5105 diri
512 5058 569 5107 iulii
580 5069 628 5104 nou
638 5056 725 5116 iurare.
743 5055 837 5118 Spernit
853 5055 991 5117 religiones,
1008 5056 1106 5117 abrogat
1118 5056 1151 5106 ie·
1194 5052 1322 5113 insignium
1334 5050 1454 5109 virorum,
1467 5049 1536 5111 quasi
1548 5048 1613 5110 regio
1624 5048 1746 5109 facinore,
1757 5055 1906 5099 ostentaret

391 5146 403 5169 ι
416 5139 466 5187 ges.
478 5124 569 5174 biuros
579 5124 660 5187 populi
673 5124 778 5183 romani,
794 5137 836 5186 per
847 5125 995 5185 pmrinclas,
1008 5138 1050 5186 per
1063 5125 1153 5176 exerci·
1224 5124 1312 5172 XXIV.
1330 5119 1412 5181 igitur,
1423 5117 1488 5166 omni
1498 5117 1596 5167 civitate
1608 5117 1638 5165 ad
1649 5116 1830 5180 excipiendum
1839 5119 1962 5183 pn'ncipn

391 5215 404 5237 ι
417 5199 470 5252 ιιι,
483 5193 590 5242 curatius
603 5194 722 5253 leguntur,
744 5197 773 5241 ut
788 5198 900 5242 noscatur
914 5195 973 5256 quid
986 5194 1090 5243 Thrasea
1106 5207 1152 5242 non
1193 5188 1399 5253 spectandumque
1416 5200 1497 5249 regem
1514 5184 1606 5246 ellusa,
1625 5186 1750 5246 Thrasea,
1766 5201 1879 5239 occursu
1895 5188 1963 5252 probl-

391 5282 403 5305 ι
417 5261 508 5311 lecerit.
518 5265 567 5310 aut
576 5265 725 5309 transeamus
734 5261 764 5309 ad
773 5261 813 5310 ilia
823 5262 975 5323 instituta,si
985 5263 1075 5325 potiora
1085 5267 1153 5321 sunl;
1194 5259 1272 5319 bitus,
1284 5272 1331 5306 non
1350 5257 1448 5306 demisit
1458 5256 1580 5316 animum
1597 5254 1780 5305 sedoodicillos
1800 5257 1836 5307 ad
1855 5262 1963 5309 herm

391 5352 403 5375 ι
416 5328 879 5390 autnovacupientibuaauleraturdur
891 5334 1015 5379 etauctor.
1029 5333 1078 5379 ista
1089 5335 1154 5381 secta
1193 5328 1342 5391 cemposuit,
1361 5326 1484 5388 roqrrirens
1502 5325 1596 5386 objecta
1618 5329 1643 5373 et
1661 5331 1864 5386 expurgaturum
1881 5336 1963 5376 m

392 5398 555 5449 «Tuberones
569 5401 594 5446 et
609 5397 740 5457 Favonios,
757 5399 830 5447 veteri
850 5412 946 5461 quoque
968 5397 1103 5458 reipublice
1119 5398 1152 5446 ln·
1193 5412 1262 5457 rans,
1272 5398 1293 5447 sl
1306 5397 1414 5446 notitiam
1426 5395 1554 5444 criminum
1565 5398 1591 5443 et
1602 5394 1697 5457 copiam
1710 5394 1827 5446 diluendi
1837 5396 1962 5446 maurel

393 5488 406 5512 ι
418 5470 485 5529 grata
495 5465 605 5522 nomina,
615 5465 703 5525 genuit.
713 5465 1153 5528 Ulimperiumerertant,iibertatem
1193 5471 1241 5517 Eos
1256 5467 1377 5517 codicillos
1393 5469 1456 5516 Nero
1472 5467 1627 5527 properanter
1644 5463 1753 5525 aceepit,
1765 5478 1813 5527 spe
1831 5466 1963 5516 micam

392 5557 406 5582 ι
417 5533 562 5598 praeierunt;
573 5535 595 5582 si
606 5535 775 5596 perverterint,
786 5535 919 5585 libertatem
931 5535 1008 5596 ipsam
1017 5534 1151 5596 aggredien·
1192 5538 1321 5587 Thraseam
1337 5535 1464 5599 scripsisse
1479 5548 1522 5597 per
1537 5546 1594 5596 quae
1605 5531 1779 5583 claritudinem
1796 5534 1915 5599 principis
1929 5544 1963 5582 er·

392 5625 407 5652 ι
420 5608 467 5656 tar.
487 5604 585 5652 Tnetm
601 5601 712 5652 cassum
730 5603 856 5666 amovisti,
875 5604 897 5655 si
914 5603 1013 5666 gliscere
1035 5609 1060 5655 et
1075 5603 1152 5667 rigere
1192 5607 1286 5659 tolleret
1293 5617 1411 5670 suamque
1425 5605 1513 5656 tenram
1522 5603 1698 5656 dehonestaret
1708 5602 1785 5663 erod
1799 5604 1848 5656 ubi
1860 5613 1964 5660 κιαι-
