4734 6609
401 668 455 719 tlt
1124 658 1271 721 TACITE.

397 792 506 868 prinae.
531 789 703 865 Agrippine,
728 792 857 866 toulours
877 788 1020 865 violento,
1040 796 1069 849 et
1089 793 1165 851 alors
1207 795 1286 852 avalt
1297 792 1369 852 dans
1380 793 1472 854 Rome
1484 794 1535 855 des
1546 794 1975 873 cltoyensqnls’bcnoreralmt

398 878 495 938 lrritee
508 879 549 937 du
565 878 674 955 danger
687 878 767 938 desa
785 884 918 954 parente,
933 884 1016 936 court
1029 879 1099 937 olrez
1113 879 1164 937 Ti·
1207 880 1243 940 de
1264 883 1393 940 recevolr
1415 884 1443 943 la
1465 899 1560 943 veuve
1578 883 1615 944 de
1634 884 1831 946 Germanicia
1851 901 1924 949 avec
1937 906 1977 951 ars

397 967 483 1043 bere,
502 974 531 1026 et
549 969 575 1028 le
595 974 698 1026 trouve
715 966 862 1025 saertssant
881 967 899 1026 a
918 964 1058 1042 Auguste.
1084 965 1165 1026 Cette
1207 969 1329 1028 entonis.
1344 969 1449 1030 Tibire
1457 976 1543 1032 sontii
1552 980 1635 1033 toute
1644 974 1978 1051 l’importanaadocelte

398 1060 592 1115 circonstanee
611 1055 798 1115 entlammant
816 1071 848 1113 aa
861 1054 973 1128 colere,
991 1056 1045 1113 elle
1065 1054 1164 1113 s’eorie
1207 1056 1364 1134 demande3
1376 1063 1464 1136 mais,
1475 1077 1512 1120 ne
1524 1064 1736 1138 voulantpolnt
1748 1064 1979 1141 lalaeerparaltre

398 1146 468 1220 qu’il
480 1145 553 1203 n'est
565 1147 645 1219 point
655 1143 694 1202 du
707 1143 801 1202 meme
812 1142 928 1202 homme
939 1143 1103 1201 d'immoler
1114 1142 1165 1202 das
1206 1161 1250 1203 ses
1264 1146 1363 1205 hoines
1376 1165 1413 1206 ou
1427 1165 1472 1207 ses
1490 1152 1632 1223 cralntes,
1647 1151 1668 1209 ll
1682 1152 1771 1211 sortlt
1781 1168 1853 1213 sans
1862 1156 1925 1213 rim
1936 1156 1978 1216 re·

399 1236 558 1293 victimosa
572 1234 700 1308 Auguste
713 1239 742 1291 et
755 1232 792 1291 de
805 1235 973 1308 poursuivre
988 1249 1020 1290 sa
1035 1231 1164 1308 familie3
1206 1234 1330 1310 pondre,
1343 1237 1468 1311 quelque
1485 1240 1614 1298 instonoe
1625 1256 1682 1315 que
1695 1241 1739 1300 lul
1757 1238 1796 1299 in
1807 1240 1976 1319 Agrippina

397 1339 454 1398 que
465 1338 498 1381 ce
508 1323 581 1381 n'est
591 1322 807 1398 pointdansdss
818 1320 946 1379 marbres
957 1319 1097 1379 menimis
1108 1336 1165 1395 que
1207 1320 1247 1381 Ge
1261 1323 1330 1398 tait,
1345 1327 1395 1400 qui
1408 1326 1481 1385 n’est
1496 1326 1632 1403 rapporte
1644 1344 1698 1405 par
1710 1344 1812 1389 aucun
1824 1326 1978 1409 historico,

398 1409 876 1486 risldecetepritimmortel,que
890 1411 961 1469 c’est
974 1426 1010 1467 en
1025 1411 1079 1468 elle
1092 1407 1164 1484 qu’ll
1206 1427 1237 1468 se
1256 1417 1359 1471 trouve
1383 1412 1456 1472 dans
1478 1414 1519 1473 les
1538 1413 1691 1475 me'motres
1712 1416 1932 1495 qu'AgrippIne
1950 1436 1979 1481 sa

396 1498 1161 1575 ostpasse,ellequiestsonpursangeisaviveimoge3
1206 1499 1281 1572 illle,
1293 1500 1373 1559 mere
1390 1502 1426 1560 de
1441 1503 1611 1577 l’empereur
1626 1504 1742 1579 Neron,
1756 1521 1836 1565 nous
1851 1522 1872 1565 a
1886 1506 1980 1571 labes

396 1590 501 1663 qu'olle
510 1591 569 1648 voit
583 1590 623 1647 les
634 1604 722 1662 coups
733 1589 822 1662 qu'on
832 1588 872 1645 lul
883 1593 980 1662 porte,
993 1585 1163 1661 eiqu’ellea
1206 1588 1243 1647 de
1254 1605 1286 1647 sa
1297 1590 1345 1647 vle
1355 1596 1385 1648 et
1395 1589 1446 1648 des
1457 1590 1605 1651 malheurs
1617 1592 1653 1652 de
1663 1609 1696 1653 sa
1706 1592 1835 1655 tamilla.

397 1676 641 1736 revetulesbablts
647 1678 684 1736 de
693 1675 896 1751 deull;qu'elle
905 1692 942 1733 ne
948 1675 1039 1750 prend
1048 1677 1129 1750 polnt
1136 1676 1164 1733 lo
1246 1676 1323 1737 LIV.
1346 1676 1513 1753 Cependant
1525 1679 1611 1756 Seleu
1625 1681 1736 1741 acbeva
1751 1680 1979 1759 d'exaspereru

396 1767 508 1844 change
518 1783 568 1827 sur
578 1766 794 1840 Claudia,dont
802 1765 899 1823 toutle
907 1763 1164 1823 crimeestd’avoir
1206 1765 1327 1824 douleur
1335 1766 1516 1842 imprudente
1524 1766 1977 1852 d’ngnppme.Seremlrnlm,

395 1863 460 1931 trop
469 1856 545 1915 alme
554 1856 583 1914 la
591 1854 788 1913 malbeureuse
802 1853 975 1929 agrippine,
987 1869 1054 1911 sans
1063 1868 1164 1927 penser
1205 1851 1335 1929 leignont
1351 1853 1388 1913 de
1405 1854 1582 1914 s’lnteresser
1599 1856 1617 1915 d
1634 1873 1687 1917 son
1705 1864 1785 1933 sort,
1801 1858 1979 1923 l’arerttren

396 1962 452 2019 que
461 1946 488 2003 le
497 1943 590 2002 meme
600 1941 847 2002 delitavaitaruse
855 1942 882 1999 la
894 1941 1016 2016 pertede
1023 1940 1164 1999 Sosinla
1205 1940 1242 2000 de
1261 1959 1292 2001 se
1310 1941 1399 2002 delier
1417 1943 1469 2002 des
1487 1942 1589 2003 festius
1607 1945 1715 2005 deson
1732 1944 1921 2023 beau-pere,
1933 1952 1977 2025 qd

396 2032 605 2091 dissimulation
620 2030 656 2089 de
670 2031 774 2089 Tibere
787 2036 837 2087 eut
849 2031 933 2104 peine
946 2030 964 2087 'a
977 2031 1052 2087 tenir
1065 2036 1163 2089 contre
1205 2031 1316 2090 voulait
1332 2032 1562 2107 l'empolsonner.
1582 2031 1663 2093 Cette
1683 2032 1811 2111 lemme,
1831 2038 1979 2115 incapabls

396 2128 442 2179 oet
456 2127 674 2195 cmportement.
693 2118 738 2177 Un
759 2125 820 2177 mot
839 2118 880 2176 lui
900 2116 1045 2191 eclrappa,
1063 2134 1096 2175 ee
1113 2119 1163 2193 qul
1205 2117 1242 2178 de
1260 2118 1488 2195 dissimulation,
1503 2136 1534 2179 se
1551 2128 1689 2181 trouvent
1701 2122 1721 2181 d
1734 2122 1766 2181 la
1784 2122 1869 2183 table
1883 2124 1922 2184 de
1934 2126 1979 2185 'Il-

396 2209 466 2269 etait
477 2215 593 2282 rare,et
604 2210 623 2266 il
634 2209 674 2266 lui
684 2206 817 2281 repondn
828 2222 880 2280 par
889 2221 929 2263 un
939 2221 1003 2263 vers
1014 2220 1096 2280 grae,
1106 2221 1163 2281 que
1206 2206 1289 2282 bere,
1301 2208 1440 2268 demeum
1453 2226 1520 2269 sans
1534 2211 1595 2269 rien
1611 2210 1689 2283 dire,
1704 2211 1744 2269 les
1756 2227 1842 2287 ycnx
1856 2212 1979 2291 brine,

395 2314 441 2357 ses
451 2298 542 2356 drolts
557 2295 693 2354 n’etaient
707 2311 759 2370 pos
772 2293 844 2353 lesos
859 2293 895 2353 de
910 2310 943 2351 ce
953 2294 1056 2368 qu’elle
1070 2310 1106 2352 nc
1118 2293 1163 2353 re·
1206 2301 1234 2352 et
1243 2312 1279 2354 ne
1288 2296 1557 2357 muchantaaueun
1566 2304 1649 2357 mets.
1659 2298 1768 2359 'libere
1778 2300 1979 2379 leremarqna,

395 2390 475 2464 gnati
485 2403 545 2462 pas.
561 2387 685 2445 Furnius
695 2391 723 2443 et
739 2384 861 2444 Cbudia
872 2384 968 2442 iurent
979 2384 1162 2445 condemnes.
1206 2386 1260 2441 solt
1272 2401 1324 2457 par
1337 2384 1460 2459 hasard,
1472 2387 1528 2450 soit
1541 2386 1612 2461 qu'll
1626 2385 1672 2446 nit
1685 2386 1837 2462 prevenu,
1851 2396 1901 2465 et,
1913 2406 1978 2451 vorr-

396 2476 434 2535 Ce
444 2476 558 2551 proces,
569 2478 619 2550 qui
632 2474 779 2533 revelales
789 2473 898 2549 grands
905 2473 1054 2531 talentsde
1065 2472 1163 2532 Doml·
1207 2472 1336 2531 lants’en
1347 2476 1534 2549 convaluere,
1547 2476 1567 2533 ll
1577 2472 1682 2535 allecta
1691 2475 1728 2533 de
1739 2476 1828 2536 loner
1837 2476 1893 2537 des
1903 2476 1979 2539 trulla

395 2567 467 2638 tius,
481 2565 507 2622 le
521 2574 626 2638 rangea
639 2563 690 2622 des
706 2563 764 2621 lors
777 2563 870 2637 parmi
883 2577 936 2619 nos
948 2564 1087 2636 premlers
1099 2578 1162 2620 ora·
1205 2562 1256 2634 qui
1267 2560 1374 2621 etaient
1386 2560 1494 2620 devant
1508 2562 1564 2638 lul,
1577 2568 1606 2621 et
1619 2562 1659 2621 loa
1671 2562 1786 2623 oilritd
1799 2580 1835 2624 sa
1846 2564 1914 2625 bru.
1931 2564 1979 2627 les

395 2661 483 2712 teurs.
497 2652 600 2711 Ttbere
611 2652 655 2710 dit.
667 2652 704 2710 de
718 2651 757 2709 lul
771 2667 827 2726 que
839 2650 1014 2727 l‘eloquenee
1028 2649 1097 2709 ituit
1110 2666 1163 2709 son
1205 2664 1346 2725 souppons
1360 2648 1549 2724 d'ilgrippine
1563 2666 1599 2709 en
1613 2648 1710 2709 iurent
1723 2652 1979 2729 augmentemus

394 2738 1163 2816 domalna.Depuls,Domltius,oontinuantdesepor·
1206 2736 1300 2795 rendit
1320 2737 1360 2795 les
1378 2736 1463 2796 truita
1481 2738 1499 2796 d
1516 2753 1561 2797 ses
1579 2739 1724 2816 esctavm,
1738 2755 1814 2801 sans
1831 2758 1857 2819 y
1874 2740 1977 2821 gotie.

395 2837 439 2888 ter
449 2836 626 2902 accusateur,
638 2845 674 2886 ou
687 2827 840 2888 delenseur
850 2827 902 2886 des
913 2827 1049 2902 accuses,
1062 2827 1162 2886 donna
1206 2824 1310 2884 Tibere
1323 2841 1359 2884 ne
1381 2827 1422 2884 lui
1435 2824 1480 2883 dit
1499 2828 1580 2901 rien,
1597 2829 1687 2902 mals,
1704 2844 1736 2888 se
1752 2834 1902 2891 tournaut
1921 2848 1978 2893 verr

394 2917 647 2977 desontalentune
659 2916 1162 2993 ideeplusavantageusequedeson
1205 2929 1237 2971 sa
1254 2914 1332 2972 mere
1353 2932 1361 2971 ι
1382 2938 1395 2963 ι
1413 2912 1460 2972 On
1474 2916 1619 2990 pourrali,
1638 2914 1802 2992 dit-tl,1ne
1819 2919 1979 2995 pardonncr

395 3006 552 3081 cunctere,
568 3005 727 3080 oependant
738 3021 772 3064 sa
784 3005 946 3081 reputatlon
959 3004 1066 3064 deehut
1075 3004 1162 3063 beau·
1206 3001 1353 3076 «quelque
1364 3000 1488 3062 sevcrlte
1497 3009 1598 3087 oonne
1608 3002 1783 3065 unetemmc
1791 3010 1847 3083 qul
1855 3013 1979 3069 memoli

395 3111 469 3171 ooup
483 3110 533 3153 sur
550 3095 578 3153 la
591 3093 632 3152 srn
646 3093 728 3151 desa
743 3095 807 3167 vle,
822 3092 861 3152 oir
879 3109 931 3151 son
951 3095 1040 3167 esprit
1054 3091 1163 3150 atlmbll
1207 3105 1269 3148 uun
1281 3093 1509 3165 empoisonneur.
1522 3090 1587 3151 »De
1597 3092 1627 3151 la
1639 3100 1742 3152 courut
1755 3095 1786 3153 le
1799 3094 1885 3155 brult
1897 3098 1977 3173 qu'oa

394 3199 432 3241 ne
445 3197 583 3241 conserva
596 3181 661 3256 plus
674 3197 729 3255 que
747 3180 905 3239 l'ambltion
926 3179 962 3238 de
974 3196 1005 3238 se
1023 3185 1160 3237 montrer.
1206 3176 1337 3236 meditait
1355 3178 1383 3237 la
1405 3185 1485 3254 perte
1504 3179 1710 3255 d’rlgrlppine,
1727 3188 1759 3241 et
1780 3198 1843 3259 que
1862 3180 1975 3262 lebe,

434 3269 514 3329 LIII.
538 3268 705 3343 Cependant
719 3268 891 3343 Agrippina,
906 3267 1077 3342 implacable
1090 3266 1163 3325 dans
1204 3266 1318 3324 n’osant
1340 3266 1367 3325 la
1384 3283 1566 3325 consommer
1588 3285 1625 3326 cn
1641 3269 1758 3345 public,
1778 3270 1934 3334 cherebalt
1952 3275 1977 3336 Ιι

394 3374 448 3417 son
461 3359 676 3427 ressentimeni,
691 3354 789 3414 tomba
802 3355 924 3413 malade.
940 3354 1044 3413 Tibere
1058 3357 1121 3412 vint
1134 3354 1163 3415 la
1204 3354 1328 3413 solitudo
1340 3372 1413 3430 pour
1424 3355 1582 3430 nocomplir
1593 3372 1638 3415 ses
1649 3356 1790 3417 demelns.

394 3449 468 3505 voir.
477 3443 727 3520 Agrippine,dans
734 3443 776 3500 les
784 3443 898 3515 lomes,
907 3443 995 3518 garde
1002 3445 1163 3517 lonqtemps
1244 3440 1306 3502 LV.
1328 3442 1369 3500 Le
1384 3445 1496 3518 prinae,
1509 3459 1583 3518 pour
1595 3442 1750 3503 detourner
1765 3462 1818 3505 ees
1830 3464 1975 3525 romeon,

396 3535 422 3592 le
434 3533 549 3592 silence.
563 3531 665 3605 Enlln,
680 3530 866 3604 s'echappant
877 3548 911 3588 en
924 3530 1076 3605 reproches
1089 3537 1116 3589 et
1126 3548 1162 3588 en
1205 3530 1343 3589 redoublu
1367 3547 1411 3589 ses
1433 3530 1584 3591 assiduitas
1606 3548 1642 3590 uu
1666 3532 1770 3606 senat,
1796 3542 1828 3595 et
1850 3536 1976 3601 entmdit

395 3621 517 3696 prienes,
534 3620 589 3680 elle
611 3621 651 3677 lui
671 3618 813 3677 demando
833 3619 943 3677 d’avoir
964 3617 1033 3693 pirre
1054 3618 1090 3676 de
1110 3635 1161 3676 son
1205 3618 1333 3694 pendant
1352 3621 1493 3694 plusieurs
1509 3623 1592 3695 jours
1611 3621 1652 3679 les
1674 3621 1800 3697 deputes
1822 3624 1861 3683 de
1881 3626 1972 3685 l'Asle.

396 3709 544 3782 abendon,
560 3708 596 3766 dc
616 3710 656 3766 lui
671 3707 781 3766 donner
799 3724 839 3766 un
854 3706 959 3782 epoux.
977 3707 1034 3764 Son
1055 3706 1109 3781 ige
1126 3723 1162 3764 ne
1205 3706 1284 3765 Onne
1308 3707 1391 3765 villas
1413 3708 1450 3765 de
1475 3714 1550 3767 cette
1579 3712 1716 3783 province
1740 3727 1774 3769 se
1799 3711 1973 3789 disputalent

396 3798 435 3854 lui
450 3796 610 3856 interdisalt
623 3798 703 3870 point
715 3812 818 3853 encore
832 3811 879 3854 ces
894 3796 973 3853 tiens.
989 3793 1093 3851 C’etait
1107 3796 1161 3852 l'u·
1205 3794 1398 3853 l'bonneurde
1407 3798 1567 3854 construlre
1577 3797 1715 3870 letemple
1724 3797 1762 3855 de
1773 3798 1973 3860 Tiberedvee

395 3887 481 3959 nique
497 3886 673 3943 consolation
689 3884 776 3941 d’une
795 3883 899 3941 lemme
916 3889 1078 3940 vortueuse.
1097 3882 1121 3938 ll
1140 3898 1161 3956 y
1204 3881 1254 3939 des
1272 3881 1408 3940 richasses
1427 3881 1570 3958 incgales,
1590 3890 1684 3942 tontes
1701 3888 1824 3946 avaient
1844 3889 1873 3947 la
1889 3890 1972 3949 meina

395 4136 407 4159 a
421 4129 486 4177 mas,
498 4121 523 4165 et
538 4120 646 4177 materos
660 4114 712 4176 ejus
728 4113 838 4165 inscctari
856 4129 862 4163 ε
880 4112 963 4164 nonio
980 4113 1069 4176 elimes
1081 4120 1160 4164 mulas
1206 4113 1427 4175 maniiestusloret‚
1438 4113 1490 4165 siue
1500 4126 1627 4179 responso,
1638 4128 1778 4182 quanquam
1789 4119 1971 4184 instantem·

395 4206 408 4231 ι
421 4186 531 4235 divisum
543 4186 654 4247 spiritum
666 4185 825 4244 transfusum
835 4184 878 4234 aed
888 4184 1014 4245 imaginem
1025 4198 1105 4234 veram
1114 4199 1160 4234 coe·
1204 4183 1281 4246 llquIt.
1289 4184 1316 4233 ld
1322 4197 1379 4245 eqo,
1388 4183 1566 4246 ascriptoribus
1573 4186 1693 4236 annalium
1701 4202 1750 4238 non
1758 4190 1970 4257 tradltnrn,repari

395 4276 407 4298 ι
421 4256 475 4306 testi
493 4255 606 4316 anquira·
623 4259 715 4316 ortam,
733 4255 864 4317 inlelligere
880 4255 1021 4317 discrimen,
1039 4256 1160 4318 suscipere
1204 4254 1228 4302 in
1240 4254 1423 4303 commerriariis
1433 4254 1569 4316 Agrippinae
1579 4254 1647 4315 lilium
1662 4269 1732 4319 quta,
1747 4260 1971 4326 limoniam

395 4346 407 4368 ι
420 4325 518 4374 sordes:
528 4325 616 4373 trustra
628 4324 753 4373 Pulchram
764 4324 885 4386 praescrlbl
891 4359 899 4386 ,
909 4324 948 4373 cui
957 4325 1008 4373 sola
1014 4325 1078 4374 exitii
1088 4338 1160 4374 causa
1204 4328 1288 4384 mater,
1298 4324 1373 4372 vitam
1386 4336 1455 4372 suam
1466 4327 1490 4372 et
1502 4336 1572 4372 casus
1582 4337 1681 4373 suorum
1689 4328 1798 4387 posteris
1809 4332 1957 4381 manarit

394 4415 407 4441 ι
420 4397 465 4456 sit,
475 4394 539 4459 quod
548 4395 700 4457 Agrippinam
710 4394 784 4444 stulte
793 4408 892 4458 prorsus
901 4394 931 4444 ad
939 4395 1031 4444 cultum
1038 4394 1159 4456 delegerit,
1235 4397 1296 4445 niv.
1314 4399 1427 4446 ceterum
1438 4395 1539 4455 sejanus
1548 4401 1688 4447 merentem
1698 4402 1724 4447 et
1733 4398 1971 4463 Improvidmslriu

394 4487 406 4509 ι
418 4466 492 4516 oblita
508 4465 584 4515 Sosiae
602 4464 634 4514 ob
650 4464 733 4515 eadem
753 4463 856 4513 afflictae.
877 4485 890 4507 ι
909 4463 997 4514 Audita
1012 4465 1064 4514 haec
1081 4478 1159 4514 raram
1202 4466 1316 4529 perculit,
1329 4466 1493 4528 lmnrlssiaqui
1505 4479 1547 4529 per
1557 4468 1662 4529 speeiem
1670 4469 1968 4538 amicitiaamomatpa·

393 4537 479 4587 occulti
489 4535 591 4599 pactorIs
599 4548 683 4585 vocem
692 4535 807 4595 elicuere,
817 4539 1158 4599 amparnquegraemversu
1202 4542 1281 4586 ratum
1290 4538 1312 4587 ei
1322 4548 1456 4596 venenum,
1467 4535 1578 4584 vitandas
1589 4538 1665 4587 soceri
1676 4540 1771 4601 epulas.
1785 4546 1871 4607 Atqoe
1879 4544 1931 4606 llla,
1944 4544 1970 4593 ai

393 4607 515 4657 ulmonuit
526 4626 537 4649 a
551 4619 597 4654 non
608 4605 661 4655 ldeo
670 4606 738 4666 lredi,
747 4606 803 4668 qula
813 4619 859 4654 non
872 4611 987 4668 regnaret.
1000 4626 1012 4649 ν
1024 4605 1126 4656 Pulchra
1135 4611 1160 4656 et
1203 4608 1360 4656 mutationum
1370 4606 1449 4655 nescia
1457 4642 1463 4666 ,
1472 4618 1547 4668 quum
1558 4610 1653 4668 propter
1659 4605 1844 4673 discumberet,
1854 4613 1969 4662 mvnda

393 4678 494 4726 Furnius
510 4675 663 4725 damnantur.
676 4675 732 4724 Ater
751 4675 896 4737 primoribus
910 4682 1030 4724 oratorum
1046 4676 1157 4737 additus,
1202 4681 1244 4726 aut
1255 4690 1365 4727 sermone
1381 4675 1459 4736 llecti,
1472 4675 1550 4724 nullos
1561 4676 1676 4737 attingere
1690 4676 1772 4741 cibos3
1783 4677 1970 4732 mulsum

391 4747 516 4809 divulgato
534 4745 641 4807 ingenio,
658 4750 682 4795 et
694 4749 776 4795 secuta
792 4746 967 4796 asseveratione
979 4747 1094 4807 cesaris,
1111 4761 1158 4809 qua
1202 4747 1325 4806 Tiberius,
1334 4747 1407 4805 torte,
1417 4759 1447 4794 an
1457 4746 1513 4807 quia
1522 4744 1664 4796 audiverat:
1675 4745 1749 4809 idque
1757 4762 1811 4812 quo
1820 4752 1969 4814 aer-luserat⁴

391 4831 435 4866 auo
444 4817 498 4880 jure
507 4815 624 4866 disertum
634 4829 689 4865 eum
698 4815 839 4879 appellavit;
851 4830 921 4875 mox,
930 4816 1083 4879 capessendis
1092 4829 1158 4865 accu·
1202 4815 1297 4874 rlretur,
1309 4828 1380 4877 poma
1393 4819 1420 4864 ut
1431 4820 1500 4863 erant
1510 4815 1620 4876 apposita
1631 4815 1747 4878 bodens,
1759 4821 1837 4870 norrri
1848 4834 1895 4872 sua
1904 4836 1967 4873 nu

391 4887 524 4936 sationibus
535 4891 576 4935 aut
590 4900 643 4936 reos
654 4887 768 4946 tutando,
778 4887 925 4950 prospedore
934 4886 1077 4948 eloquendus
1085 4899 1158 4947 quam
1202 4884 1298 4933 tradidit
1307 4900 1312 4931 :
1320 4890 1427 4933 anctaex
1436 4885 1577 4946 eosuspicIo
1588 4887 1874 4948 Agrippinm,ettntacta
1883 4906 1968 4944 oram

391 4972 484 5007 morum
497 4958 560 5006 tmrra
571 4958 616 5007 tuit
629 4973 635 5006 :
646 4958 692 5007 nisi
705 4958 771 5020 quod
780 4962 839 5006 aetaa
850 4963 958 5006 extrema
973 4956 1075 5005 multum
1086 4956 1157 5004 etiam
1202 4957 1239 5004 vis
1256 4957 1366 5006 tramisit.
1384 4960 1432 5005 lt'ec
1450 4962 1529 5005 muron
1547 4956 1636 5006 Tiberii
1653 4970 1703 5006 vox
1717 4972 1803 5009 amana
1820 4968 1919 5024 amm
1931 4964 1967 5013 aad

390 5028 534 5090 eloquentia
546 5027 666 5091 dempsit,
678 5028 737 5076 dum
747 5029 810 5077 tesso
819 5032 898 5076 mente
913 5028 999 5075 retinet
1013 5025 1101 5075 silentii
1115 5026 1157 5075 im·
1201 5026 1317 5095 obversos
1328 5027 1357 5076 ad
1370 5032 1484 5086 matrem,
1495 5046 1507 5069 «ι
1520 5040 1569 5075 non
1578 5026 1680 5087 mirum,
1692 5028 1743 5091 alt,
1756 5030 1854 5094 siquid
1869 5034 1968 5085 meins

391 5097 539 5159 patientiam.
1202 5117 1214 5141 r
1227 5098 1252 5146 in
1261 5112 1315 5147 earn
1327 5098 1464 5156 statuisset,
1480 5110 1555 5159 aqua
1565 5096 1673 5147 veneticii
1685 5097 1881 5153 insimularetur.
1894 5124 1907 5147 ι
1917 5104 1967 5154 m

422 5169 483 5216 Llll.
503 5172 533 5214 st
544 5166 682 5229 Angppina,
693 5167 805 5227 pervicax
817 5166 859 5215 Irae
869 5169 893 5215 et
904 5165 988 5214 morbo
1000 5167 1106 5228 corporis
1115 5167 1158 5215 im·
1201 5182 1290 5226 rumor,
1310 5168 1385 5230 parari
1401 5168 1514 5228 eritlum3
1528 5179 1606 5229 noque
1617 5167 1642 5216 id
1654 5168 1829 5231 imperatorem
1843 5174 1968 5236 prm..

391 5236 490 5300 plicata,
501 5249 575 5299 quum
588 5237 677 5286 viseret
692 5250 744 5285 eam
756 5240 846 5295 caesar,
858 5235 962 5298 profusis
973 5235 1014 5284 diu
1031 5250 1060 5285 ae
1072 5251 1113 5299 per
1125 5238 1157 5285 si·
1201 5236 1270 5293 dere,
1286 5240 1405 5286 secretum
1417 5237 1446 5283 ad
1457 5235 1639 5298 perpetrandum
1650 5237 1736 5298 quaed.

390 5306 490 5357 lendum
498 5306 622 5367 lacrymIs,
633 5321 688 5355 mor
698 5307 811 5354 invidiam
821 5311 844 5355 et
852 5319 935 5368 preces
946 5305 1060 5354 orditura
1070 5307 1156 5355 subve·
1231 5310 1281 5355 LV.
1300 5307 1346 5355 sed
1359 5309 1447 5365 Cesar,
1459 5319 1507 5367 quo
1518 5306 1606 5354 ternam
1617 5311 1751 5369 averteret,
1762 5309 1853 5361 aduae
1862 5312 1965 5375 traque

391 5395 404 5419 ι
417 5375 477 5425 niret
485 5375 695 5433 solitudinl,daret
703 5376 815 5425 moritum
824 5393 829 5425 :
838 5376 1156 5437 trabilemadlruojuventam
1200 5376 1306 5436 senatui,
1319 5375 1456 5437 legatosque
1467 5377 1544 5435 Asiae,
1556 5375 1704 5436 amblgentes
1714 5389 1826 5439 quanam
1841 5380 1868 5431 ln
1876 5380 1965 5431 citima

392 5464 404 5488 ι
417 5446 477 5506 sibi,
486 5459 565 5509 neque
574 5446 638 5495 alind
648 5445 728 5508 probis
739 5460 811 5509 quam
820 5461 849 5495 ex
861 5447 1012 5495 matrimonio
1023 5447 1135 5495 solatium
1148 5462 1154 5496 :
1201 5443 1768 5508 templumstatueretur,pluresperdiesaudivit.
1774 5448 1964 5501 Undecimum

392 5535 405 5559 ι
417 5528 471 5566 esse
482 5518 505 5567 in
516 5518 615 5567 clvitate
626 5516 668 5579 qul
682 5517 815 5567 Germanici
827 5518 953 5579 conjugem
966 5531 994 5565 ac
1005 5516 1093 5566 liberos
1104 5518 1156 5579 eius
1200 5515 1392 5576 certabant,pari
1398 5514 1540 5574 ambitione,
1550 5514 1642 5563 uiribus
1648 5513 1752 5567 dvm
1763 5521 1963 5583 :naquemultn

391 5607 405 5630 ι
417 5587 521 5651 recipere
530 5589 691 5651 dignarentur.
704 5608 715 5628 υ
726 5588 772 5637 Sed
780 5591 868 5647 Cesar,
879 5601 926 5636 non
935 5587 1031 5649 annus
1039 5593 1156 5650 quantum
1199 5584 1312 5634 distantia
1324 5587 1385 5634 inter
1396 5598 1423 5634 se
1433 5585 1609 5642 memorabant,
1620 5585 1651 5636 de
1662 5592 1786 5639 vetustate
1795 5592 1910 5655 gemnis,
1918 5596 1961 5641 sta·

390 5674 421 5712 ex
440 5659 560 5724 republica
578 5660 708 5723 peteretur,
728 5670 758 5707 uc
769 5661 848 5706 nmen
864 5657 1003 5707 ostensionis
1019 5662 1061 5705 aut
1076 5661 1155 5707 metus
1201 5655 1241 5705 dio
1256 5656 1280 5704 in
1296 5654 1412 5718 populum
1428 5667 1568 5715 mmanom,
1581 5668 1624 5717 per
1639 5655 1701 5707 bella
1715 5660 1786 5711 Pessi
1799 5666 1827 5711 et
1842 5661 1960 5714 Arminii
